3040 5014
357 422 467 473 PAULI
485 419 659 472 HISTORIA
678 419 1010 472 LANGOBARDORUM.
1205 422 1237 472 15

129 591 322 656 enarranda
359 591 509 673 suscepit.
566 587 633 653 Nec
668 598 790 670 tamen,
825 611 887 672 qao
918 597 1056 674 tempore
1089 588 1240 656 Historia

130 674 427 761 Lonqobarotorum
447 677 577 757 incepta
599 674 650 755 sit,
680 672 728 736 uei
750 694 811 757 quo
839 695 926 736 anno
947 695 1033 737 mors
1061 673 1171 756 ipsum
1200 675 1239 738 ab

130 782 225 844 opere
246 756 433 842 imperfecto
456 759 648 837 avocaverit,
670 765 804 822 constat.
845 755 911 822 Sea
933 765 1006 821 ante
1020 757 1139 821 Karoti
1153 780 1240 822 coro-

129 845 295 908 nationem
306 841 490 905 Romanam
504 864 574 905 eum
585 839 748 904 catomum
761 841 957 924 deposuisse,
978 842 1136 926 conjicere
1157 842 1239 906 ticet.

129 927 226 991 Diem
248 927 353 991 obitus
377 925 425 988 13.
448 924 576 1009 Aprilis
596 923 828 1009 Necroloqium
852 923 1024 990 Casinense
1040 927 1239 989 annotarit1.

129 1012 214 1110 Ejus
241 1012 428 1074 memoriam
455 1031 530 1073 uero
560 1008 695 1072 celebrat
722 1031 851 1072 carmen
880 1012 917 1074 in
943 1010 1015 1092 ipso
1043 1011 1240 1073 monasterio

130 1117 197 1158 seve
220 1095 260 1158 ab
279 1092 431 1158 Hilotrico
454 1095 524 1179 ejus
545 1091 708 1176 discipulo
731 1095 797 1156 siue
820 1094 877 1156 sub
900 1093 1000 1178 hujus
1021 1094 1149 1158 nomine
1161 1092 1240 1178 fac-

130 1187 198 1242 tum
220 1186 248 1241 et
268 1177 388 1241 tamuto
409 1179 614 1261 inscriptam,
636 1177 722 1261 quod
737 1179 885 1261 quamuis
907 1197 1015 1240 errore
1036 1198 1103 1241 non
1118 1187 1239 1258 careat,

154 1284 232 1326 rare
253 1271 358 1326 tamen
380 1262 478 1324 *uitae
507 1271 535 1324 et
563 1263 750 1325 meritorum
778 1262 849 1346 ejus
877 1261 1091 1325 testimonium
1113 1271 1157 1324 est
1183 1261 1331 1325 tra-nas·

131 1285 304 1427 ienuam,
327 1366 389 1428 quo
411 1368 468 1409 nec
491 1346 548 1410 troc
569 1345 636 1408 loco
659 1367 769 1408 carere
785 1355 991 1428 possumus³⁸

367 1482 661 1567 Epytaphyum
683 1479 803 1546 Pauli
825 1481 1003 1545 diaconi.

214 1584 384 1669 Perspicua
405 1583 525 1648 clarum
546 1585 681 1647 nimium
703 1605 776 1647 cum
798 1581 883 1646 fama
927 1607 961 1648 er
981 1605 1097 1650 aevum

212 1669 299 1734 Astra
320 1665 414 1731 simul
434 1669 578 1732 iunctum
598 1676 741 1766 pangant
761 1677 792 1731 te
814 1606 956 1731 metilius
978 1667 1085 1732 almis:

213 1751 381 1834 veridicos,
402 1750 507 1837 levita,
529 1762 601 1816 tuos
624 1774 705 1838 quls,
728 1773 861 1834 summe,
882 1751 1060 1837 triumphos

212 1835 371 1918 Luciflms,
393 1835 500 1919 Paule,
522 1837 638 1922 poterit
659 1835 844 1921 deprimere
866 1835 984 1899 dictis?

214 1920 249 1987 [tt
269 1929 325 1984 tua
347 1920 402 1984 sed
423 1919 522 1985 lector
542 1941 717 2007 properans
738 1919 802 1982 huc
822 1930 934 1984 noscat
955 1927 986 1985 et
1007 1919 1123 2007 hospes

215 2004 346 2070 Sacrata
365 2004 489 2068 tumulo
510 2005 711 2090 requiescere
732 2001 876 2067 membra
897 2003 1045 2086 subiate,

213 2087 338 2169 Laudis,
361 2089 506 2170 amande,
528 2098 601 2153 tuae
623 2089 806 2152 summatim
828 2089 967 2152 carmine
989 2088 1086 2173 digno

212 2169 367 2236 almificos
389 2183 478 2238 actus
500 2172 633 2259 dignum
655 2183 704 2237 est
724 2192 864 2236 reserare
886 2171 1038 2236 canendo.

214 2255 336 2320 Eximio
359 2255 481 2322 dudum
503 2255 683 2320 Bardorum
705 2263 869 2320 stemmate
890 2257 1003 2340 gentis,

212 2338 334 2404 tinibus
355 2350 450 2426 atque
472 2341 569 2404 armis
592 2361 673 2423 quae
693 2348 770 2401 tunc
793 2337 972 2422 opibusque
994 2360 1052 2422 per
1074 2337 1183 2402 orbem

212 2423 346 2507 insignis
368 2424 479 2502 fuerat,
503 2423 666 2506 sumpsisti
687 2421 812 2504 generis
836 2428 948 2484 ortum.
1046 2481 1052 2494 ,

212 2509 291 2571 'fam
312 2507 439 2590 dignata,
462 2515 642 2590 postquam,
663 2503 780 2567 nitidos
802 2502 859 2567 ubi
881 2526 914 2567 se
939 2527 956 2568 e
978 2502 1133 2568 Timabus

212 2589 316 2652 Amnis
338 2587 435 2652 habet
456 2609 574 2670 cursus,
596 2587 720 2672 gemtus
742 2597 777 2652 tu
799 2586 887 2674 prole
946 2589 1005 2669 ‘sti,

213 2671 325 2736 iiivino
347 2672 499 2736 instinctu
520 2671 634 2758 regalis
655 2672 800 2770 protinus
821 2669 894 2734 aula
925 2729 928 2736 .

213 2753 260 2820 ob
283 2753 380 2819 decus
403 2766 434 2820 et
454 2755 562 2820 lumen
582 2766 704 2841 patriae
725 2766 757 2820 te
779 2757 915 2841 sumpsit
936 2755 1093 2820 alendum.

213 2839 291 2904 Cum
313 2849 368 2902 tua
388 2849 461 2924 post
482 2838 622 2904 ibidemb
644 2837 771 2925 populis
794 2849 825 2904 et
845 2839 974 2925 regibus
995 2838 1066 2904 altis

128 2999 151 3053 a)
168 3001 238 3050 digne
253 3005 288 3041 est
303 3013 320 3041 c.
381 2999 405 3053 b)
421 3003 452 3040 ita
467 3013 537 3050 corr.,·
552 3001 647 3042 tibidem
662 3013 690 3052 c,;
705 3003 823 3042 'tibridem
840 3004 888 3042 ectu.

129 3135 155 3198 1)
175 3133 259 3184 Eidus
277 3132 377 3200 Aprilis
402 3133 468 3183 obiit
495 3133 662 3184 venerandus
690 3135 833 3184 memoriae
860 3133 971 3184 domnus
989 3133 1088 3184 Paulus
1112 3134 1240 3186 diaconus

128 3213 156 3258 et
182 3207 342 3270 monachus3
372 3205 406 3272 cf.
435 3204 584 3256 Bethmonn
607 3223 637 3271 p.
662 3206 723 3256 249.
817 3206 846 3272 2)
875 3204 985 3273 Leqitur
1013 3207 1041 3256 in
1066 3208 1122 3259 coci.
1151 3207 1238 3260 Oasin.

130 3279 180 3330 Nr.
204 3281 270 3342 353,
293 3280 320 3345 f.
345 3279 412 3340 286,
447 3278 492 3328 nia
525 3287 611 3330 tamen
642 3295 663 3329 s.
692 3279 725 3329 X.
757 3279 856 3341 medio,
890 3288 919 3328 at
946 3279 1097 3330 Bethmonn
1121 3281 1238 3346 putarit,

124 3371 155 3419 p.
182 3353 234 3402 250
262 3370 305 3415 n,
333 3353 390 3414 sect,
420 3360 449 3402 ut
478 3351 575 3403 cruditi
605 3350 757 3404 Orsinenses
789 3361 812 3404 et
840 3352 869 3403 V.
893 3351 930 3403 Οἱ,
956 3351 1045 3404 sicea
1069 3371 1109 3413 me
1135 3361 1239 3419 petente

130 3434 307 3493 apnoverunt,
340 3443 361 3476 s.
387 3423 437 3475 XI.
467 3433 576 3476 eneemte
601 3425 672 3490 folio
698 3442 781 3476 uacuo
814 3426 902 3478 relicto
938 3425 1100 3491 inscriptum.
1147 3425 1240 3491 Aperti

130 3516 191 3550 uero
211 3497 342 3550 scribendi
366 3515 480 3562 errores,
505 3498 632 3550 uetustius
658 3500 791 3570 eaemptar
809 3499 851 3550 tic
870 3507 1004 3564 exceptum
1023 3515 1091 3562 esee,
1112 3500 1238 3564 probant.

133 3569 206 3632 Quae
227 3570 347 3624 Chronici
365 3570 531 3623 Salernitani
556 3580 648 3622 auctor
667 3589 688 3622 c.
709 3573 758 3634 37,
778 3590 809 3637 p.
830 3572 898 3621 489:
925 3587 1004 3637 super
1030 3573 1086 3624 eius
1110 3571 1239 3623 tumulum

130 3645 225 3710 partim
250 3661 318 3710 quae
343 3647 370 3694 in
395 3645 446 3696 hoc
470 3644 569 3696 mundo
588 3647 685 3711 gessit,
711 3646 806 3712 partim
833 3645 865 3696 de
885 3645 941 3696 eius
960 3645 1126 3711 prudencia,
1153 3661 1239 3712 quove

131 3717 294 3782 temporibus
313 3717 491 3784 perdurasset,
511 3720 594 3770 sacris
612 3718 707 3770 litteris
722 3724 857 3770 exaratum
870 3720 1027 3781 invenimus,
1047 3718 1138 3770 cadem
1150 3718 1238 3786 fuisse

133 3789 265 3853 ridentur,
286 3798 429 3855 temporum
446 3793 514 3842 notis
534 3799 621 3856 aucta,
641 3807 718 3857 quae,
737 3792 782 3843 uin
801 3792 919 3844 uersibus
938 3807 1084 3856 cupressos,
1103 3791 1133 3842 in
1152 3791 1239 3843 codice

132 3880 186 3915 non
205 3871 267 3914 sunt
284 3864 418 3928 repetitae.
456 3863 538 3915 Dalm
562 3865 694 3932 epitaphio
720 3881 820 3916 omnem
844 3865 1028 3931 usurpandam
1047 3871 1128 3930 putat
1147 3865 1238 3932 fidere,

132 3937 197 4002 quia
216 3937 248 3988 de
267 3945 379 4002 tempore
398 3953 449 4003 qno
462 3938 564 3989 Paulas
582 3939 769 3990 monasterirum
788 3937 928 3989 (lerinense
945 3938 1078 4004 ingressus
1097 3946 1134 3990 est
1151 3938 1239 3988 minus

132 4018 200 4062 recte
218 4011 325 4077 referat.
363 4009 418 4062 sea
430 4010 570 4063 Hilaricus
581 4013 701 4078 fortusse
715 4029 793 4078 puer,
813 4027 871 4061 curn
883 4011 986 4062 Paulus
1000 4019 1064 4076 post
1078 4012 1171 4077 pierres
1190 4027 1238 4060 an-

131 4099 189 4146 nos,
202 4084 277 4134 ‘autu
288 4085 363 4151 repta
376 4093 400 4137 ct
410 4085 497 4152 plenia
509 4082 615 4137 saecuti
634 4085 734 4148 relicta,
754 4085 783 4134 in
795 4085 981 4136 monasterium
999 4085 1097 4136 rediret
1116 4093 1139 4136 et
1152 4085 1237 4136 denuo

130 4156 208 4208 ‘cotta
227 4173 248 4208 s.
268 4157 410 4211 Benedicto
430 4157 568 4224 subderet,
582 4157 718 4224 primitias
737 4158 807 4209 uitae
825 4157 983 4210 monasticae
1003 4166 1049 4208 aut
1072 4158 1172 4210 nescire
1191 4165 1239 4208 aut

130 4230 246 4282 consulto
265 4233 414 4296 praeterire
432 4240 549 4298 poterat.
589 4231 627 4299 Ψ.
642 4240 784 4298 praeterea
806 4247 874 4298 quae
895 4231 985 4283 monui
1005 4231 1072 4283 utet.
1093 4231 1150 4284 aee.
1169 4228 1236 4281 Ana.

131 4303 209 4368 1876,
220 4321 251 4370 p.
267 4305 336 4356 1515
351 4323 388 4372 eq.
446 4304 475 4373 3)
494 4306 600 4358 Pn‘ores
613 4304 738 4358 editiones
752 4305 827 4370 offert
839 4305 1028 4370 Bettmunnp.
1044 4305 1106 4356 250.
1137 4301 1237 4366 Quibus

128 4377 198 4428 adde
216 4378 306 4445 Miqne
320 4396 351 4444 p.
366 4379 435 4442 4295
454 4379 537 4431 Datin
550 4397 581 4445 p.
597 4380 658 4430 103.
