3076 5004
281 451 330 499 122
424 449 535 500 PAULI
554 449 727 500 HISTORIA
747 447 1082 501 LANGOBARDORUM.
1121 449 1193 500 LIB.
1214 450 1266 502 111.

363 615 411 679 13.
455 614 527 679 Ad¹
551 615 635 679 hunc
657 614 841 700 Hilpericus
867 616 1066 679 Francorum
1093 639 1152 680 rex
1179 639 1254 681 suos
1276 615 1398 701 legatos

277 700 430 783 dirigens,
460 699 561 763 multa
588 698 629 763 ab
659 707 917 782 momumento,
946 721 1059 765 aureos
1081 701 1177 764 etiam
1200 699 1398 785 singularum

276 782 429 848 librarum
455 783 610 868 suscepit,
640 782 793 848 habentes
815 784 875 848 aba
896 805 961 846 una
1005 793 1073 848 arte
1095 783 1145 846 effi
1172 785 1234 848 'em
1262 785 1305 846 im
1331 806 1398 848 era-

275 867 374 931 torish
398 877 450 932 et⁰
478 867 632 952 scriptum
653 868 687 929 in
708 865 844 930 circulo:
880 805 1056 930 TIBElu'I.
1086 865 1144 932 CO
1178 867 1292 931 STAN
1323 867 1397 932 INI.

275 950 529 1014 PERPETUId.
571 949 779 1031 AUGUSTI,
815 950 856 1014 ab
889 949 951 1013 alia
983 961 1078 1014 veroe
1116 961 1207 1035 parte
1245 950 1398 1016 habentes

299 1034 484 1119 uadrigamf
499 1045 531 1098 et
545 1055 746 1100 ascensorem
761 1035 1020 1120 continentesque
1032 1033 1202 1118 scripturn:
1219 1033 1397 1098 GLORIA.

275 1055 572 1184 hOMANORUM.
616 1118 744 1182 Huius²
773 1117 827 1181 inss
854 1116 967 1182 diebus
994 1117 1107 1183 beatus
1135 1117 1310 1203 Gregorius
1332 1117 1398 1182 dia-

276 1223 389 1284 conus,
418 1203 472 1288 qui
493 1203 588 1300 postll
611 1223 696 1288 papa
717 1202 833 1284 extitit,
863 1223 936 1265 cum
958 1211 1042 1266 esset
1063 1202 1287 1286 apocrisarius,
1318 1213 1397 1300 aput

275 1282 409 1350 eandem
436 1307 556 1371 regram
584 1284 714 1349 urbemi
747 1284 905 1349 Morales³
941 1284 1039 1349 libros
1065 1287 1233 1370 conposuit
1254 1285 1397 1350 Euthrci-

275 1371 417 1456 umquel
433 1370 575 1435 eiusdem
590 1370 678 1434 urbis
694 1369 881 1454 episcopum
896 1369 936 1433 de
950 1370 1193 1434 resurrectione¹
1210 1379 1396 1434 errantemm

275 1453 308 1515 in
324 1475 399 1517 cons
425 1463 498 1518 ectu
513 1452 656 1517 eiusdem
678 1454 808 1538 augusti
829 1456 1000 1538 superavit.
1044 1453 1139 1516 Hac¹¹
1161 1453 1256 1517 etiam
1279 1463 1398 1537 tempe-

232 1601 235 1608 ,
275 1545 355 1600 state
376 1476 551 1618 rimaldo,
581 1537 703 1623 primus
731 1535 968 1634 Spolitanorum
990 1535 1067 1618 dux,
1097 1547 1189 1600 euml³
1211 1535 1398 1621 Langobar-

276 1618 389 1682 dorum
419 1621 564 1684 exercitu
586 1618 728 1685 Classem
754 1620 921 1702 1nvadens,
952 1618 1134 1704 opulentam
1160 1621 1272 1685 urbem
1302 1619 1398 1706 spoli-

276 1713 361 1770 atam
389 1705 513 1767 ounetis
536 1703 655 1768 divitiis
676 1703 796 1767 nudam
818 1703 954 1789 reliquid
962 1715 983 1766 ⁴.

363 1789 410 1850 14.
453 1787 580 1850 Mortuo
608 1809 683 1851 vero
711 1796 789 1872 aput
818 1786 999 1873 Aquileiam
1026 1787 1223 1874 patriarchai
1245 1785 1396 1870 Prohinc,

275 1871 353 2016 qluir
368 1869 536 1934 ecclesiam
552 1893 651 1934 unum
666 1880 793 1935 rexerat
815 1892 898 1936 anno
906 1883 927 1954 ⁵,
949 1871 1053 1935 eidem
1076 1869 1228 1934 ecclesiae
1246 1869 1397 1934 sacerdos

309 1952 402 2017 eliast
424 1954 615 2039 praeficitur.

216 2057 265 2098 ssa.
362 2038 410 2101 15.
454 2035 603 2102 Tiberius
631 2038 751 2123 igitur¹¹
782 2036 1011 2102 Constantinus
1032 2048 1203 2124 postquam
1225 2039 1396 2124 imperium

275 2130 397 2205 septem
419 2133 546 2187 rexerat
566 2122 674 2202 annis,
705 2122 865 2186 sentiens⁵
894 2122 956 2187 sibi
981 2122 1067 2186 diem
1088 2123 1199 2187 mortis
1221 2122 1395 2202 imminere,

276 2226 427 2268 unacum
443 2204 575 2269 consilio
592 2205 731 2291 Sophiae
746 2215 901 2291 augustae
916 2207 1119 2288 Mauricium,
1138 2229 1253 2292 genere
1269 2204 1396 2290 Cappa-

275 2288 424 2368 doeemv,
451 2290 556 2353 virum
584 2299 757 2372 strenuum,
786 2289 827 2352 ad
853 2290 1023 2374 imperium
1055 2290 1159 2374 elegit,
1189 2296 1395 2374 ornatamque

273 2393 364 2436 suam
385 2373 505 2437 filiamw
526 2372 686 2458 regalibus
708 2374 910 2454 ornamentis,
932 2375 962 2438 ei
984 2387 1077 2438 eam¹
1103 2373 1242 2456 tradidit,
1272 2372 1396 2437 dicens:

276 2456 335 2521 ‘Sit
357 2458 416 2522 tibi
436 2458 606 2543 imperium
628 2481 735 2522 meum
758 2479 831 2520 cum
853 2455 913 2520 hac
934 2456 1041 2542 puella
1056 2479 1253 2522 concessum.
1297 2457 1395 2521 Utere

276 2562 313 2604 eo
335 2539 428 2622 felix,
458 2563 581 2605 memor
610 2564 751 2626 semper,
780 2551 815 2605 ut
836 2542 995 2688 aequitate
1018 2550 1050 2605 et
1070 2541 1191 2605 iustitia
1213 2539 1395 2606 delecteris'.

275 2623 386 2688 Haeer
408 2633 578 2709 postquam
606 2624 703 2706 dixit,
733 2625 772 2688 de
802 2624 861 2688 hac

276 2708 435 2805 migravit,
457 2729 610 2793 magnum
632 2706 753 2772 luctum
767 2707 912 2792 populis³
935 2709 975 2772 de
994 2709 1073 2772 suab
1088 2719 1190 2773 morte
1205 2707 1395 2795 relinquens.

276 2791 352 2853 Fuit
380 2792 466 2854 enim
498 2811 641 2856 summae
674 2791 840 2873 bonitatis,
877 2793 911 2854 in
943 2791 1115 2856 elimosinis
1148 2802 1329 2878 promptus,
1362 2793 1395 2854 in

276 2874 401 2938 iudiciis
424 2875 544 2956 iustus,
566 2875 599 2938 in
621 2874 793 2938 iudicando
816 2876 1031 2958 cautissimus,
1052 2875 1175 2940 nullum
1198 2876 1254 2940 des
1279 2875 1392 2956 iciens,

276 2956 333 3021 sed
362 2979 470 3021 omnes
497 2959 531 3021 in
558 2956 644 3022 bona
676 2957 839 3023 voluntate
872 2959 1090 3044 conplectens3
1113 2981 1222 3024 omnes
1244 2898 1395 3042 diligens,

275 3043 344 3125 ipse
376 3062 503 3126 quoque
530 3053 578 3108 est
606 3041 740 3108 dilectus
769 3065 788 3106 a
816 3043 947 3107 cunctis.
1002 3044 1075 3124 Quo
1105 3043 1272 3123 defuncto,
1304 3043 1395 3106 Mau-

901 2636 978 2690 ucez
1006 2626 1048 2688 ad
1069 2635 1230 2689 aeternam
1260 2625 1396 2710 patriam

277 3236 299 3288 a)
316 3238 344 3277 ab
363 3259 388 3268 -
405 3239 515 3281 habentes
531 3243 573 3282 dea
590 3242 609 3281 B
626 3243 646 3283 8.
708 3241 732 3294 b)
749 3243 918 3293 imperatoriii
936 3243 956 3283 l.
1023 3239 1044 3292 c)
1062 3243 1118 3281 deest
1133 3243 1159 3285 F.
1176 3242 1209 3291 G;
1225 3243 1323 3292 scriptus
1338 3242 1356 3280 F
1375 3244 1394 3282 1.

276 3295 299 3347 d)
317 3297 409 3346 imperii
425 3297 446 3339 G
462 3299 491 3340 ’2.
568 3298 589 3352 e)
606 3302 660 3341 deest
684 3301 739 3343 03.
755 3302 785 3341 1).
859 3298 965 3350 siquam
987 3311 1044 3340 corr.
1069 3313 1154 3350 equum
1169 3303 1187 3341 F
1205 3303 1225 3341 1.
1301 3299 1324 3352 g)
1341 3301 1396 3340 deest
1461 3337 1467 3346 ,

275 3357 295 3396 Β
312 3356 332 3398 8.
347 3357 374 3398 F.
392 3355 419 3400 G.
481 3358 504 3409 h)
520 3359 575 3399 deest
592 3360 609 3401 0
626 3363 650 3408 13
666 3364 746 3411 portes
761 3360 811 3400 Bt.
873 3359 890 3411 i)
906 3360 961 3398 decet
978 3358 999 3400 G
1015 3357 1046 3400 ’2.
1108 3359 1395 3412 k)nuuieumquar1;

275 3415 438 3464 Euticiumque
454 3417 473 3456 B
490 3418 510 3457 8.
527 3417 548 3458 G
564 3419 589 3467 2;
605 3419 772 3468 Euthicamque
789 3419 806 3459 O
824 3421 848 3467 13
864 3418 1037 3469 naryciamque
1054 3417 1071 3458 G
1088 3419 1108 3458 2.
1168 3419 1186 3470 i)
1203 3419 1395 3470 resurrectionem

276 3473 331 3516 Gi.
346 3474 364 3512 F
382 3476 402 3517 1.
419 3475 439 3515 G
456 3478 474 3517 1.
535 3476 567 3528 m)
583 3478 727 3518 dubitantem
742 3479 763 3517 D
780 3477 801 3520 2.
862 3476 886 3529 n)
902 3487 950 3526 cap.
968 3478 1003 3517 14.
1021 3479 1058 3516 tor
1074 3478 1120 3516 loeo
1135 3479 1178 3519 iac.
1194 3479 1214 3517 D
1232 3478 1252 3518 3.
1314 3475 1336 3527 ο)
1353 3477 1395 3516 ra-

275 3533 325 3572 roai
340 3533 358 3572 14Ὶ
375 3535 394 3573 1,
413 3532 434 3574 G
451 3537 476 3583 15
500 3537 585 3576 Forosi
600 3537 619 3575 P
635 3537 660 3586 53
684 3537 784 3576 Forosld
807 3534 827 3574 Δ
844 3537 870 3585 6)
894 3535 993 3576 Feroald
1008 3536 1029 3575 A
1045 3537 1071 3586 55
1094 3537 1196 3576 Faruald
1219 3535 1240 3575 A
1256 3537 1276 3578 3.
1294 3535 1315 3576 G
1330 3537 1351 3576 8.
1367 3537 1396 3585 4,

274 3591 372 3631 Parcaitl
388 3591 409 3633 G
424 3592 463 3642 ⁵⁸5
478 3595 606 3634 raroaldus
621 3596 640 3634 B
658 3596 678 3637 a.
695 3596 716 3634 D
734 3597 754 3637 2.
772 3595 793 3635 G
808 3595 844 3646 eb,
860 3595 906 3634 azia
966 3592 991 3646 p)
1008 3595 1063 3634 deest
1078 3596 1097 3635 F
1115 3597 1135 3639 1.
1151 3595 1172 3636 G
1189 3597 1208 3634 1.
1224 3596 1245 3646 4,
1267 3595 1396 3644 quitabunt

275 3651 410 3691 exercitum.
472 3650 496 3704 q)
513 3653 669 3703 patriarcham
685 3653 706 3694 G
722 3655 742 3694 l.
803 3651 823 3704 r)
840 3654 1130 3703 condempnemus.
1199 3652 1219 3706 s)
1236 3654 1267 3692 tta
1283 3653 1394 3696 Anae

274 3708 517 3759 r1.Gea‚b;uno
543 3733 568 3743 -
591 3722 652 3752 anno
669 3711 687 3751 A
704 3709 735 3752 ⁸8.
751 3713 772 3750 4.
787 3713 807 3751 B
824 3713 845 3753 2.
863 3711 884 3752 G
899 3712 937 3761 5c;
961 3724 1032 3753 unum
1058 3736 1083 3744 —
1107 3724 1193 3753 annum
1216 3713 1289 3761 retem
1311 3714 1351 3762 qui
1367 3733 1391 3742 -

274 3777 329 3807 ann.
346 3769 423 3807 dea'F
440 3769 459 3810 5.
484 3771 586 3810 -idsm
602 3770 792 3812 saram.
837 3769 855 3822 t)
872 3771 1034 3822 HalousG23
1050 3771 1183 3813 EliasGii.
1230 3769 1393 3821 u)deeatGi.

274 3823 297 3876 v)
314 3825 400 3876 capaci.
418 3827 439 3866 G
457 3830 475 3866 1.
494 3830 518 3878 23
543 3829 705 3878 Cappadocum
720 3830 741 3868 D
760 3831 780 3870 2.
841 3828 870 3880 w)
888 3833 1016 3880 ornataque
1041 3830 1201 3883 (ornatamque
1216 3830 1234 3868 F
1251 3827 1273 3879 1)
1289 3837 1332 3867 sua
1346 3827 1395 3866 fllia

274 3881 480 3929 F1.G1.'2.4.
498 3887 593 3929 trahe.
632 3886 655 3938 x)
673 3888 743 3928 etism
759 3885 819 3928 Aa.
863 3886 887 3940 y)
904 3890 970 3929 Dixit
984 3890 1043 3930 haec
1058 3894 1163 3940 postque,
1179 3898 1241 3927 eram
1258 3896 1327 3935 quam
1343 3885 1394 3930 Gli.

274 3939 295 3992 z)
312 3943 387 3982 iucem
402 3943 421 3982 P
437 3946 458 3985 1.
505 3944 527 3996 a)
542 3947 629 3996 populo
645 3947 660 3986 l.
677 3946 698 3986 G
713 3948 738 3996 23
754 3949 853 3997 populos
869 3947 886 3989 0
904 3950 928 3998 13
944 3949 999 3988 deest
1015 3948 1032 3989 (i
1049 3949 1069 3993 i.
1114 3947 1137 4000 b)
1152 3956 1217 3987 susm
1232 3948 1329 3985 mortem
1344 3945 1393 3986 Fi.

277 4107 305 4176 1)
324 4108 369 4160 Ec
390 4108 467 4178 (ἶνες).
501 4111 563 4164 Tur.
590 4113 636 4177 Vl,
656 4114 681 4166 2.
776 4112 805 4180 2)
824 4114 868 4166 Ea
887 4115 973 4177 Beda,
1004 4114 1089 4167 verbis
1118 4113 1253 4165 nonnullis
1275 4113 1392 4165 mutatis.

274 4181 305 4250 3)
330 4183 412 4234 libros
445 4187 618 4252 expositionis
648 4188 677 4237 in
708 4187 756 4238 Iob
776 4187 862 4240 Beda.
914 4186 952 4253 ί).
990 4187 1020 4238 V.
1054 4185 1175 4254 Grepora's'
1208 4187 1247 4239 Μ.
1277 4204 1299 4239 c.
1320 4187 1346 4238 8.
1366 4189 1392 4239 9.

274 4255 305 4323 4)
324 4256 400 4308 Haec
428 4273 459 4308 ea
479 4258 609 4327 Drootalfi
637 4259 771 4327 epitaphio
800 4280 822 4313 c.
841 4263 882 4312 19.
911 4268 1072 4313 cumiuerso
1093 4258 1234 4322 uideatur-,¹
1265 4261 1311 4312 red
1328 4277 1393 4312 aum

274 4329 462 4454 clrprgagoaldo
482 4329 624 4399 spolerano
649 4331 685 4384 ibi
704 4333 737 4386 sit
755 4351 847 4397 sumo,
877 4334 995 4385 dubitari
1008 4341 1104 4401 potest.
1200 4335 1229 4402 t)
1249 4334 1293 4386 Ea
1314 4334 1393 4404 (ἶνες.

318 4441 325 4466 ,
384 4440 389 4454 .
