3040 5014
282 361 300 411 4
511 361 622 412 PAULI
641 360 814 413 HISTORIA
832 359 1167 413 LANGOBARDORUM.

284 529 361 592 dam
389 538 418 591 et
450 530 739 593 continuandam&
796 528 887 602 Quae
920 552 992 594 cum
1020 529 1086 594 atio
1113 531 1396 597 Monumentorum

282 613 445 678 notamine
473 613 599 677 edenda
627 615 684 694 sit,
714 613 753 676 de
783 615 853 698 ejus
882 613 1017 680 consilio
1047 623 1076 676 et
1102 614 1211 680 indole
1233 617 1285 681 hic
1306 616 1398 701 toqui

283 697 538 782 supersedemus.

367 779 408 846 Si
428 781 630 865 epitaphium
644 779 756 844 Ansae
777 781 923 864 repinae,
944 783 1060 846 matris
1076 780 1290 869 Adeiperqae,
1313 807 1397 868 quae
1482 818 1484 822 ·

283 888 355 929 cum
383 865 455 928 uiro
477 863 651 928 Desiderio
681 862 756 928 caui
784 864 821 927 in
846 864 1025 930 Franciam
1056 866 1197 930 abducta
1226 877 1311 949 erat,
1341 868 1397 932 sed

283 948 484 1050 sepulturam
505 950 543 1012 iu
561 948 680 1032 patria
699 957 789 1011 terra
810 957 921 1030 nacta,
943 959 1025 1013 recte
1046 949 1151 1013 Paulo
1173 947 1338 1032 tribuitur,
1360 954 1397 1016 in

282 1031 334 1098 hes
356 1033 455 1096 annis
477 1030 668 1096 codocanda
690 1033 751 1096 erit
760 1041 781 1094 ².
824 1032 904 1095 Atia
926 1055 1049 1118 quoque
1076 1043 1153 1098 tunc
1178 1057 1250 1121 eum
1271 1056 1397 1119 compo-

282 1117 386 1180 suisse
415 1117 581 1195 carmina,
610 1113 724 1200 qualia
741 1117 935 1200 posterioris
957 1119 1030 1180 aevi
1055 1121 1228 1202 scriptores
1248 1120 1279 1182 ei
1306 1119 1398 1182 attri-

282 1201 400 1347 puunt,
432 1198 607 1264 uerisimile
638 1207 698 1279 est,
730 1221 788 1264 nec
815 1209 920 1264 tamen
951 1201 1030 1264 certi
1057 1202 1236 1286 quidquam
1258 1211 1398 1267 statuere

293 1287 383 1351 icet³.
1148 1315 1150 1318 ·

365 1367 478 1452 Neque
500 1375 694 1450 compertum
709 1367 870 1448 habemus,
892 1377 1001 1430 utrum
1015 1376 1092 1430 tunc
1113 1371 1264 1450 temporis
1287 1390 1398 1433 sacros

275 1455 352 1537 jam
365 1452 523 1534 receperit
537 1450 678 1531 ordines,
722 1451 819 1514 uibus
835 1460 952 1536 postea
974 1473 1046 1514 eam
1067 1451 1226 1516 traditum
1240 1452 1395 1518 uidemus.

287 1534 374 1600 Certe
400 1535 509 1615 libros,
532 1534 649 1619 quibus
677 1475 722 1598 ad
743 1536 913 1599 historiam
934 1535 1119 1599 Bomanam
1142 1536 1397 1618 componendam

285 1641 367 1702 opus
389 1627 468 1699 erat,
484 1617 630 1702 facilius
651 1621 688 1682 in
710 1621 907 1684 monasterio
935 1641 1033 1702 quam
1053 1620 1089 1682 in
1116 1618 1243 1702 palatio
1270 1642 1397 1704 compa-

284 1724 361 1766 rare
408 1711 509 1766 oterat
517 1710 540 1761 ⁴.

395 1785 611 1850 eteberrimum
633 1807 707 1850 nero
729 1785 814 1850 iilud
835 1785 870 1850 S.
892 1785 1064 1850 Benedicti
1089 1789 1321 1852 monasterium
1346 1789 1396 1850 in-

285 1891 417 1956 pressus
438 1879 497 1950 est,
524 1869 581 1936 ubi
602 1871 699 1933 etiam
720 1869 856 1934 Batchis
877 1891 936 1933 ren
956 1869 1038 1934 solio
1059 1868 1167 1954 repuli
1188 1871 1328 1956 dejectus
1349 1893 1398 1934 re-

275 1954 415 2039 supium
436 1955 568 2018 inuenit.
603 1954 672 2018 Nec
686 1954 789 2035 uideo,
812 1954 892 2039 quid
906 1962 993 2034 vetet,
1015 1977 1055 2019 ne
1070 1952 1210 2018 Paulum
1224 1958 1299 2041 jam
1321 1965 1397 2020 tunc

285 2060 392 2124 reqem
412 2047 555 2102 secutum
576 2059 641 2102 esse
662 2046 872 2101 statuamus⁵.
916 2037 1035 2119 ‘Enui,
1061 2040 1177 2122 inops,
1203 2041 1333 2120 tenuis',
1362 2047 1399 2102 ut

193 2142 232 2195 ‘a
242 2143 277 2186 15.
286 2123 396 2207 ipsius
425 2123 530 2186 uerbis
551 2131 642 2203 utar,
672 2145 803 2186 carmen
832 2123 890 2184 *in
910 2118 1040 2185 taudem
1062 2122 1097 2187 S.
1119 2123 1290 2189 Benedicti
1315 2145 1396 2186 com·

288 2263 316 2332 1)
335 2262 640 2332 EpistotaAdelperqae
658 2266 744 2318 missa.
754 2265 871 2332 primum
890 2284 907 2316 a
927 2264 1108 2332 Ohampoilion
1127 2266 1156 2316 in
1175 2266 1265 2317 Amati
1282 2265 1396 2317 editione

280 2358 311 2406 p.
327 2339 430 2402 XXIV,
445 2347 508 2403 post
527 2356 545 2388 a
563 2337 738 2404 Papencordt,
760 2339 851 2390 Gesch.
870 2339 898 2390 d.
921 2339 1007 2390 Vand.
1026 2339 1187 2405 Herrschaft
1200 2358 1232 2404 p.
1247 2340 1300 2389 998
1320 2337 1395 2406 (inde

286 2413 365 2464 Dahn
387 2431 419 2478 p.
441 2409 504 2478 w,-
526 2411 684 2474 Bndticher,
711 2411 796 2464 Batai.
822 2413 878 2465 cod.
901 2413 969 2478 phil.
995 2413 1072 2464 Vind.
1091 2412 1115 2474 I,
1135 2429 1167 2476 p.
1181 2413 1250 2472 306;
1273 2428 1359 2478 nuper
1379 2429 1397 2462 a

283 2487 392 2549 Hormi,
418 2483 473 2535 SB.
493 2485 519 2535 d.
542 2484 577 2534 W.
597 2485 694 2547 Aisa„
713 2485 818 2549 LXXI,
839 2504 870 2552 p.
885 2487 951 2549 294,
975 2487 1049 2551 prelo
1076 2485 1189 2550 subjecta
1207 2493 1253 2537 cst.
1275 2513 1303 2523 -
1326 2483 1395 2536 Ante

284 2577 311 2610 a.
332 2560 392 2610 774.
418 2558 544 2623 scriptam
563 2566 645 2623 putat
670 2558 754 2610 Dahn
772 2577 803 2625 p.
825 2560 859 2608 14
876 2577 914 2626 sq.
995 2557 1025 2626 2)
1040 2557 1135 2611 Annus
1153 2559 1243 2610 mortis
1261 2575 1315 2610 non
1334 2575 1393 2610 con·

218 2675 222 2686 ,
284 2639 344 2684 stat.
382 2631 466 2681 Dahn
479 2649 510 2695 p.
531 2631 574 2681 68.
586 2632 646 2698 jam
663 2629 739 2682 Ansa
757 2632 821 2684 vina
840 2633 1008 2699 compositum
1021 2641 1111 2698 putat,
1134 2631 1166 2684 de
1184 2633 1270 2685 Paulo
1289 2641 1395 2684 auctore

284 2704 398 2756 dubitat.
472 2702 502 2770 3)
521 2704 671 2756 Bethmann
693 2724 722 2770 p.
743 2707 805 2757 237.
826 2705 887 2758 290.
907 2708 969 2756 292.
991 2705 1053 2756 293.
1090 2705 1140 2756 Itte
1160 2715 1256 2770 postca
1274 2706 1303 2756 in
1321 2706 1395 2773 semi-

284 2776 362 2829 nario
388 2777 523 2829 Verulansi
547 2776 658 2829 codicem
687 2778 770 2831 s.XI.
790 2780 896 2841 inuenit,
922 2777 969 2844 qui
993 2777 1062 2830 inter
1086 2779 1142 2828 atia
1168 2778 1262 2830 Versus
1281 2778 1311 2828 iu
1322 2780 1395 2843 festo

284 2849 315 2903 S.
335 2849 464 2902 Mercurii
481 2850 616 2914 continuit,
643 2869 687 2918 ap.
708 2852 842 2904 Giooanni
860 2853 888 2902 in
908 2851 973 2902 libro
992 2851 1025 2901 de
1044 2850 1128 2900 sancti
1146 2848 1219 2901 Actis
1238 2859 1262 2901 et
1280 2851 1366 2900 transt
1387 2878 1396 2887 -

285 2923 355 2976 hone
375 2942 400 2975 a.
416 2925 495 2977 1730.
515 2923 583 2976 edito
598 2942 629 2990 p.
644 2927 687 2977 46.
706 2925 855 2992 impressos,
875 2941 940 2990 quos
952 2924 1072 2991 fortasse
1091 2921 1173 2973 Pauli
1198 2939 1252 2974 esse
1270 2921 1394 2987 opinatus

285 3006 336 3057 est;
354 2998 423 3049 idem
442 2997 475 3049 de
494 2998 555 3049 aliis
573 2998 608 3049 ib.
625 3016 654 3064 p.
669 3000 731 3051 248.
751 2999 827 3050 editis
845 2998 963 3050 uersibus
974 2996 1118 3065 judicavit.
1132 3023 1167 3033 -
1181 2995 1216 3046 In
1235 2995 1291 3047 cod.
1311 2993 1394 3064 Sanp.

287 3070 337 3121 Nr.
354 3072 415 3133 573,
431 3088 462 3136 p.
476 3071 538 3133 476,
564 3072 596 3124 V.
617 3071 654 3123 Ot.
673 3073 824 3124 Du'mmlero
844 3079 969 3133 monente,
989 3086 1095 3121 carmen
1114 3069 1209 3136 leqitur
1226 3069 1394 3134 inscriptum:

286 3146 356 3196 Ante
380 3145 450 3196 iores
477 3145 620 3207 basilicae,
646 3145 735 3198 eodem
762 3145 837 3196 modo
862 3143 1018 3210 dispositum
1042 3159 1092 3208 quo
1118 3159 1209 3194 ausus
1233 3140 1262 3192 in
1288 3143 1394 3196 taudem

286 3215 317 3269 S.
336 3216 481 3280 Benedicti,
502 3218 573 3284 quod
592 3218 630 3268 ita
642 3217 719 3284 finit:

431 3293 545 3342 Pectora
562 3298 651 3343 vestra
669 3297 760 3343 sonet:
780 3307 861 3358 paros
881 3297 908 3341 st
925 3293 1060 3350 miserore,
1078 3305 1231 3356 precamur;

468 3365 561 3428 Parce,
581 3365 694 3427 Christe,
710 3365 824 3427 Auchis,
842 3369 952 3431 pectora
970 3369 1060 3414 vestra
1078 3367 1164 3414 sonet.

286 3439 345 3490 Hoc
364 3454 465 3505 quoque
484 3438 569 3488 Paulo
590 3437 707 3489 adscribi
725 3445 821 3502 posset.
907 3435 937 3503 4)
956 3435 1047 3487 Etiam
1064 3436 1224 3500 Eutropimn
1243 3433 1394 3504 Adehuerqa

288 3531 306 3563 a
323 3513 408 3564 Paulo
434 3519 528 3562 nactus
553 3519 598 3562 est.
673 3511 700 3573 5)
726 3509 768 3561 De
794 3519 907 3575 tempore
932 3527 983 3576 quo
1006 3509 1110 3560 Paulus
1136 3507 1261 3560 Casinum
1285 3510 1392 3572 renuit,

286 3584 356 3637 nihii
373 3593 500 3647 constare,
519 3583 670 3635 Buttmann
688 3583 760 3634 ctare
778 3584 899 3648 esposuit
911 3601 942 3648 p.
957 3583 1009 3634 238
1015 3601 1024 3644 ‚·
1049 3599 1081 3634 ea
1099 3583 1221 3648 refutans
1242 3599 1310 3649 quae
1328 3583 1394 3649 Epi·

287 3657 407 3725 taphium
431 3667 455 3711 et
472 3658 626 3722 Anonpmus
647 3653 834 3708 Salernitanus
858 3657 976 3708 tradunt.
1013 3656 1129 3708 Paulum
1153 3673 1211 3707 cum
1235 3657 1393 3724 Adetpcrqa‚
1430 3703 1432 3710 .

287 3732 422 3785 Desiderii
433 3730 501 3799 repis
507 3730 578 3796 fitia,
591 3729 770 3780 Beneuentum
782 3730 891 3792 uenisse,
911 3729 973 3781 inde
987 3729 1112 3782 Casinum
1126 3729 1230 3795 adiisse,
1250 3730 1315 3781 satis
1328 3746 1394 3795 pro·
1431 3724 1432 3728 ¹
1484 3793 1489 3802 .

288 3805 381 3857 babilis
406 3796 593 3856 Wattenbachii
616 3810 681 3854 esset
704 3805 864 3870 conjectura,
891 3804 914 3854 si
938 3801 973 3854 iis
989 3804 1073 3870 fidem
1097 3803 1251 3856 haberemus
1275 3803 1394 3868 quaeda

287 3877 369 3930 Pauli
387 3876 471 3944 officio
489 3876 518 3926 in
537 3876 601 3926 aula
619 3875 755 3926 Desiderii
771 3877 853 3942 refert
873 3875 1018 3928 Chronicon
1031 3876 1237 3929 Salernitanum.
1277 3874 1353 3936 Quae
1372 3874 1396 3926 si

287 3953 445 4020 rejiciamus,
463 3965 546 4016 neque
564 3947 740 4013 Epitaphium
758 3966 906 4016 sequamur,
926 3967 979 4002 non
998 3958 1043 4013 est,
1069 3967 1117 4002 cur
1135 3967 1193 4001 cum
1211 3948 1320 4000 Dahnio
1339 3948 1394 4014 opi·

286 4041 388 4086 nemur,
407 4019 522 4073 Paulum
547 4021 631 4072 serius
657 4029 758 4072 tantum
783 4039 815 4074 ea
838 4023 972 4076 saeculari
994 4023 1050 4074 uita
1074 4025 1104 4074 in
1126 4021 1326 4075 ecclesiasticam
1354 4023 1397 4074 oet

286 4097 467 4149 monachicam
484 4111 539 4146 esse
559 4103 759 4162 transpresscnn.
802 4096 899 4164 Ubique
918 4098 1035 4149 animum
1047 4097 1141 4164 prodit
1160 4095 1254 4148 clerici.
1291 4095 1394 4146 Nihilo-

287 4170 373 4220 minus
392 4169 531 4229 sententia,
558 4184 639 4233 quam
654 4170 794 4234 proposuit
814 4171 989 4235 Giesebrecht,
1008 4170 1050 4222 De
1070 4172 1117 4222 litt.
1130 4169 1200 4220 stud.
1215 4187 1247 4234 p.
1261 4169 1304 4230 26,
1324 4178 1394 4220 stare

282 4249 377 4309 potest,
396 4241 512 4292 Paulum
524 4258 577 4293 non
594 4239 624 4290 in
641 4244 799 4298 monasterio
817 4245 968 4297 liberalibus
981 4243 1076 4295 studiis
1094 4259 1148 4295 esse
1166 4243 1329 4306 instructum,
1351 4241 1398 4294 sed

285 4318 373 4382 ipsum
387 4315 478 4382 potius
490 4317 559 4369 inter
571 4317 696 4368 monacho
710 4318 886 4372 humanorum
899 4318 1102 4385 disciplinarum
1115 4317 1214 4368 semina
1230 4316 1392 4382 dispersisse.
