<?xml version="1.0" encoding="UTF-8"?>
<!DOCTYPE html PUBLIC "-//W3C//DTD XHTML 1.0 Transitional//EN"
    "http://www.w3.org/TR/xhtml1/DTD/xhtml1-transitional.dtd">
<html xmlns="http://www.w3.org/1999/xhtml" xml:lang="en" lang="en">
 <head>
  <title>
</title>
<meta http-equiv="Content-Type" content="text/html;charset=utf-8" />
  <meta name='ocr-system' content='tesseract 3.04.00' />
  <meta name='ocr-capabilities' content='ocr_page ocr_carea ocr_par ocr_line ocrx_word'/>
</head>
<body>
  <div class='ocr_page' id='page_1' title='image "./paulihistoriala00paulgoog_0031.png"; bbox 0 0 3040 5014; ppageno 0'>
   <div class='ocr_carea' id='block_1_1' title="bbox 339 459 1223 514">
    <p class='ocr_par' dir='ltr' id='par_1_1' title="bbox 339 459 1223 514">
     <span class='ocr_line' id='line_1_1' title="bbox 339 459 1223 514; baseline -0.001 -2"><span class='ocrx_word' id='word_1_1' title='bbox 339 461 448 512; x_wconf 85' lang='lat' dir='ltr'><strong>PAULI</strong></span> <span class='ocrx_word' id='word_1_2' title='bbox 468 459 641 512; x_wconf 82' lang='lat' dir='ltr'><strong>HISTORIA</strong></span> <span class='ocrx_word' id='word_1_3' title='bbox 661 460 996 514; x_wconf 81' lang='lat' dir='ltr'><strong>LANGOBARDORUM.</strong></span> <span class='ocrx_word' id='word_1_4' title='bbox 1190 463 1223 512; x_wconf 78' lang='lat'><em>21</em></span> 
     </span>
    </p>
   </div>
   <div class='ocr_carea' id='block_1_2' title="bbox 16 626 1226 949">
    <p class='ocr_par' dir='ltr' id='par_1_2' title="bbox 16 626 1226 949">
     <span class='ocr_line' id='line_1_2' title="bbox 107 626 1226 714; baseline -0.001 -20"><span class='ocrx_word' id='word_1_5' title='bbox 107 632 238 714; x_wconf 91' lang='lat' dir='ltr'><em>copiam</em></span> <span class='ocrx_word' id='word_1_6' title='bbox 260 631 412 694; x_wconf 90' lang='lat' dir='ltr'><em>habuisse</em></span> <span class='ocrx_word' id='word_1_7' title='bbox 437 629 575 692; x_wconf 87' lang='lat' dir='ltr'><em>uidetur.</em></span> <span class='ocrx_word' id='word_1_8' title='bbox 619 626 674 692; x_wconf 87' lang='lat' dir='ltr'><em>Ad</em></span> <span class='ocrx_word' id='word_1_9' title='bbox 699 628 870 692; x_wconf 77' lang='lat' dir='ltr'><em>historiam</em></span> <span class='ocrx_word' id='word_1_10' title='bbox 891 628 1075 693; x_wconf 79' lang='lat' dir='ltr'><em>Romanam</em></span> <span class='ocrx_word' id='word_1_11' title='bbox 1105 651 1226 714; x_wconf 79' lang='lat' dir='ltr'><em>aupen-</em></span> 
     </span>
     <span class='ocr_line' id='line_1_3' title="bbox 108 711 1225 798; baseline -0.003 -19"><span class='ocrx_word' id='word_1_12' title='bbox 108 715 188 779; x_wconf 89' lang='lat' dir='ltr'><em>dom</em></span> <span class='ocrx_word' id='word_1_13' title='bbox 214 723 350 798; x_wconf 89' lang='lat' dir='ltr'><em>praeter</em></span> <span class='ocrx_word' id='word_1_14' title='bbox 379 714 574 798; x_wconf 75' lang='lat' dir='ltr'><em>Hieronymi</em></span> <span class='ocrx_word' id='word_1_15' title='bbox 605 721 633 775; x_wconf 89' lang='lat' dir='ltr'><em>et</em></span> <span class='ocrx_word' id='word_1_16' title='bbox 660 711 817 797; x_wconf 86' lang='lat' dir='ltr'><em>Prosperi</em></span> <span class='ocrx_word' id='word_1_17' title='bbox 848 713 1003 776; x_wconf 90' lang='lat' dir='ltr'><em>chronica</em></span> <span class='ocrx_word' id='word_1_18' title='bbox 1035 716 1225 778; x_wconf 55' lang='lat' dir='ltr'><em>›raesertim</em></span> 
     </span>
     <span class='ocr_line' id='line_1_4' title="bbox 16 735 1226 949; baseline -0.001 -87"><span class='ocrx_word' id='word_1_19' title='bbox 16 869 17 884; x_wconf 24' lang='lat'><em>2</em></span> <span class='ocrx_word' id='word_1_20' title='bbox 106 800 266 949; x_wconf 50' lang='lat' dir='ltr'><em>hymn</em></span> <span class='ocrx_word' id='word_1_21' title='bbox 295 821 378 882; x_wconf 81' lang='lat' dir='ltr'><em>quae</em></span> <span class='ocrx_word' id='word_1_22' title='bbox 401 794 532 860; x_wconf 86' lang='lat' dir='ltr'><em>Aurelii</em></span> <span class='ocrx_word' id='word_1_23' title='bbox 561 796 695 860; x_wconf 87' lang='lat' dir='ltr'><em>Victoris</em></span> <span class='ocrx_word' id='word_1_24' title='bbox 720 797 849 859; x_wconf 90' lang='lat' dir='ltr'><em>nomine</em></span> <span class='ocrx_word' id='word_1_25' title='bbox 864 796 990 880; x_wconf 76' lang='lat' dir='ltr'><em>fertur,</em></span> <span class='ocrx_word' id='word_1_26' title='bbox 1025 735 1175 861; x_wconf 63' lang='lat' dir='ltr'><em>(Xrosium</em></span> <span class='ocrx_word' id='word_1_27' title='bbox 1198 807 1226 860; x_wconf 93' lang='lat' dir='ltr'><em>et</em></span> 
     </span>
    </p>
   </div>
   <div class='ocr_carea' id='block_1_3' title="bbox 16 880 1226 1135">
    <p class='ocr_par' dir='ltr' id='par_1_3' title="bbox 16 880 1226 1135">
     <span class='ocr_line' id='line_1_5' title="bbox 16 880 1226 968; baseline -0.001 -22"><span class='ocrx_word' id='word_1_28' title='bbox 16 927 18 968; x_wconf 35' lang='grc' dir='ltr'><strong>ᾗ</strong></span> <span class='ocrx_word' id='word_1_29' title='bbox 134 883 290 946; x_wconf 87' lang='lat' dir='ltr'><em>ordauem</em></span> <span class='ocrx_word' id='word_1_30' title='bbox 313 881 471 962; x_wconf 74' lang='lat' dir='ltr'><em>adhibuit,</em></span> <span class='ocrx_word' id='word_1_31' title='bbox 496 889 670 965; x_wconf 88' lang='lat' dir='ltr'><em>praeterea</em></span> <span class='ocrx_word' id='word_1_32' title='bbox 691 880 894 961; x_wconf 73' lang='lat' dir='ltr'><em>Fhontinum,</em></span> <span class='ocrx_word' id='word_1_33' title='bbox 915 880 1081 962; x_wconf 75' lang='lat' dir='ltr'><em>Plinium,</em></span> <span class='ocrx_word' id='word_1_34' title='bbox 1105 904 1150 944; x_wconf 90' lang='lat' dir='ltr'><em>an</em></span> <span class='ocrx_word' id='word_1_35' title='bbox 1171 881 1226 946; x_wconf 91' lang='lat' dir='ltr'><em>Li·</em></span> 
     </span>
     <span class='ocr_line' id='line_1_6' title="bbox 16 961 1223 1048; baseline 0.001 -19"><span class='ocrx_word' id='word_1_36' title='bbox 16 975 18 1040; x_wconf 75' lang='lat' dir='ltr'>j</span> <span class='ocrx_word' id='word_1_37' title='bbox 107 968 199 1030; x_wconf 88' lang='lat' dir='ltr'><em>oium</em></span> <span class='ocrx_word' id='word_1_38' title='bbox 220 966 347 1047; x_wconf 86' lang='lat' dir='ltr'><em>uiderit,</em></span> <span class='ocrx_word' id='word_1_39' title='bbox 370 965 503 1030; x_wconf 89' lang='lat' dir='ltr'><em>dubium</em></span> <span class='ocrx_word' id='word_1_40' title='bbox 525 973 578 1028; x_wconf 90' lang='lat' dir='ltr'><em>est.</em></span> <span class='ocrx_word' id='word_1_41' title='bbox 625 961 759 1048; x_wconf 79' lang='lat' dir='ltr'><em>Verpilii</em></span> <span class='ocrx_word' id='word_1_42' title='bbox 779 964 884 1028; x_wconf 91' lang='lat' dir='ltr'><em>locum</em></span> <span class='ocrx_word' id='word_1_43' title='bbox 905 966 942 1028; x_wconf 89' lang='lat' dir='ltr'><em>iu</em></span> <span class='ocrx_word' id='word_1_44' title='bbox 966 965 1114 1029; x_wconf 75' lang='lat' dir='ltr'><em>Historia</em></span> <span class='ocrx_word' id='word_1_45' title='bbox 1135 965 1223 1030; x_wconf 75' lang='lat' dir='ltr'><em>lan-</em></span> 
     </span>
     <span class='ocr_line' id='line_1_7' title="bbox 106 1046 1225 1135; baseline 0 -22"><span class='ocrx_word' id='word_1_46' title='bbox 106 1051 331 1135; x_wconf 85' lang='lat' dir='ltr'><em>pobardorum</em></span> <span class='ocrx_word' id='word_1_47' title='bbox 358 1050 529 1132; x_wconf 80' lang='lat' dir='ltr'><em>suscripsit</em></span> <span class='ocrx_word' id='word_1_48' title='bbox 551 1047 596 1130; x_wconf 92' lang='lat' dir='ltr'><em>(I,</em></span> <span class='ocrx_word' id='word_1_49' title='bbox 620 1048 678 1128; x_wconf 84' lang='lat'><em>6),·</em></span> <span class='ocrx_word' id='word_1_50' title='bbox 709 1046 792 1112; x_wconf 88' lang='lat' dir='ltr'><em>alios</em></span> <span class='ocrx_word' id='word_1_51' title='bbox 813 1057 931 1132; x_wconf 89' lang='lat' dir='ltr'><em>poetas</em></span> <span class='ocrx_word' id='word_1_52' title='bbox 961 1049 998 1112; x_wconf 91' lang='lat' dir='ltr'><em>in</em></span> <span class='ocrx_word' id='word_1_53' title='bbox 1024 1049 1225 1113; x_wconf 77' lang='lat' dir='ltr'><em>carminibus</em></span> 
     </span>
    </p>
   </div>
   <div class='ocr_carea' id='block_1_4' title="bbox 17 1133 516 1197">
    <p class='ocr_par' dir='ltr' id='par_1_4' title="bbox 17 1133 516 1197">
     <span class='ocr_line' id='line_1_8' title="bbox 17 1133 516 1197; baseline -0.008 1"><span class='ocrx_word' id='word_1_54' title='bbox 17 1155 18 1158; x_wconf 71' lang='grc'>’</span> <span class='ocrx_word' id='word_1_55' title='bbox 106 1143 264 1197; x_wconf 86' lang='lat' dir='ltr'><em>memorat</em></span> <span class='ocrx_word' id='word_1_56' title='bbox 285 1133 333 1196; x_wconf 86' lang='lat' dir='ltr'><em>nel</em></span> <span class='ocrx_word' id='word_1_57' title='bbox 354 1134 516 1196; x_wconf 77' lang='lat' dir='ltr'><em>imitatum·</em></span> 
     </span>
    </p>
   </div>
   <div class='ocr_carea' id='block_1_5' title="bbox 16 1213 1294 3206">
    <p class='ocr_par' dir='ltr' id='par_1_5' title="bbox 106 1213 1225 1804">
     <span class='ocr_line' id='line_1_9' title="bbox 194 1213 1225 1300; baseline -0.001 -20"><span class='ocrx_word' id='word_1_58' title='bbox 194 1215 333 1280; x_wconf 90' lang='lat' dir='ltr'><em>Paulum</em></span> <span class='ocrx_word' id='word_1_59' title='bbox 350 1216 521 1300; x_wconf 79' lang='lat' dir='ltr'><em>plerosque</em></span> <span class='ocrx_word' id='word_1_60' title='bbox 543 1216 598 1278; x_wconf 91' lang='lat' dir='ltr'><em>sui</em></span> <span class='ocrx_word' id='word_1_61' title='bbox 618 1213 750 1295; x_wconf 89' lang='lat' dir='ltr'><em>saeculi,</em></span> <span class='ocrx_word' id='word_1_62' title='bbox 767 1217 964 1299; x_wconf 90' lang='lat' dir='ltr'><em>praesertim</em></span> <span class='ocrx_word' id='word_1_63' title='bbox 985 1237 1058 1279; x_wconf 88' lang='lat' dir='ltr'><em>uero</em></span> <span class='ocrx_word' id='word_1_64' title='bbox 1074 1217 1225 1300; x_wconf 90' lang='lat' dir='ltr'><em>temporis</em></span> 
     </span>
     <span class='ocr_line' id='line_1_10' title="bbox 109 1299 1225 1384; baseline -0.001 -21"><span class='ocrx_word' id='word_1_65' title='bbox 109 1303 287 1365; x_wconf 86' lang='lat' dir='ltr'><em>anterioris</em></span> <span class='ocrx_word' id='word_1_66' title='bbox 307 1302 479 1384; x_wconf 81' lang='lat' dir='ltr'><em>scriptores</em></span> <span class='ocrx_word' id='word_1_67' title='bbox 500 1299 620 1384; x_wconf 81' lang='lat' dir='ltr'><em>linpua</em></span> <span class='ocrx_word' id='word_1_68' title='bbox 637 1300 776 1382; x_wconf 87' lang='lat' dir='ltr'><em>puriore</em></span> <span class='ocrx_word' id='word_1_69' title='bbox 799 1321 980 1384; x_wconf 80' lang='lat' dir='ltr'><em>superasse,</em></span> <span class='ocrx_word' id='word_1_70' title='bbox 1009 1321 1049 1363; x_wconf 84' lang='lat' dir='ltr'><em>en</em></span> <span class='ocrx_word' id='word_1_71' title='bbox 1070 1323 1105 1364; x_wconf 91' lang='lat' dir='ltr'><em>eo</em></span> <span class='ocrx_word' id='word_1_72' title='bbox 1122 1308 1225 1383; x_wconf 88' lang='lat' dir='ltr'><em>patet,</em></span> 
     </span>
     <span class='ocr_line' id='line_1_11' title="bbox 131 1381 1225 1470; baseline 0.002 -24"><span class='ocrx_word' id='word_1_73' title='bbox 131 1385 198 1447; x_wconf 91' lang='lat' dir='ltr'><em>uod</em></span> <span class='ocrx_word' id='word_1_74' title='bbox 211 1393 276 1446; x_wconf 92' lang='lat' dir='ltr'><em>tam</em></span> <span class='ocrx_word' id='word_1_75' title='bbox 291 1384 435 1448; x_wconf 86' lang='lat' dir='ltr'><em>Korolus</em></span> <span class='ocrx_word' id='word_1_76' title='bbox 449 1405 508 1447; x_wconf 84' lang='lat' dir='ltr'><em>rea</em></span> <span class='ocrx_word' id='word_1_77' title='bbox 529 1405 627 1470; x_wconf 80' lang='lat' dir='ltr'><em>quam</em></span> <span class='ocrx_word' id='word_1_78' title='bbox 642 1381 859 1447; x_wconf 87' lang='lat' dir='ltr'><em>Adalbardus</em></span> <span class='ocrx_word' id='word_1_79' title='bbox 874 1383 974 1446; x_wconf 88' lang='lat' dir='ltr'><em>abbas</em></span> <span class='ocrx_word' id='word_1_80' title='bbox 988 1381 1061 1447; x_wconf 92' lang='lat' dir='ltr'><em>stilo</em></span> <span class='ocrx_word' id='word_1_81' title='bbox 1076 1385 1147 1468; x_wconf 78' lang='lat' dir='ltr'><em>ejus</em></span> <span class='ocrx_word' id='word_1_82' title='bbox 1161 1392 1225 1448; x_wconf 90' lang='lat' dir='ltr'><em>ate-</em></span> 
     </span>
     <span class='ocr_line' id='line_1_12' title="bbox 107 1406 1225 1551; baseline 0.001 -20"><span class='ocrx_word' id='word_1_83' title='bbox 107 1406 230 1532; x_wconf 77' lang='lat' dir='ltr'><em>bantur</em></span> <span class='ocrx_word' id='word_1_84' title='bbox 265 1469 309 1531; x_wconf 90' lang='lat' dir='ltr'><em>ad</em></span> <span class='ocrx_word' id='word_1_85' title='bbox 335 1467 435 1532; x_wconf 87' lang='lat' dir='ltr'><em>libros</em></span> <span class='ocrx_word' id='word_1_86' title='bbox 462 1475 580 1531; x_wconf 88' lang='lat' dir='ltr'><em>ueteres</em></span> <span class='ocrx_word' id='word_1_87' title='bbox 609 1467 840 1548; x_wconf 87' lang='lat' dir='ltr'><em>emendandos,</em></span> <span class='ocrx_word' id='word_1_88' title='bbox 867 1465 1066 1531; x_wconf 78' lang='lat' dir='ltr'><em>soloecismos</em></span> <span class='ocrx_word' id='word_1_89' title='bbox 1093 1467 1225 1551; x_wconf 75' lang='lat' dir='ltr'><em>aliaque</em></span> 
     </span>
     <span class='ocr_line' id='line_1_13' title="bbox 106 1549 1225 1638; baseline 0 -24"><span class='ocrx_word' id='word_1_90' title='bbox 106 1552 190 1614; x_wconf 85' lang='lat' dir='ltr'><em>uitia</em></span> <span class='ocrx_word' id='word_1_91' title='bbox 219 1551 452 1616; x_wconf 82' lang='lat' dir='ltr'><em>eliminanda1.</em></span> <span class='ocrx_word' id='word_1_92' title='bbox 496 1552 540 1614; x_wconf 88' lang='lat' dir='ltr'><em>Et</em></span> <span class='ocrx_word' id='word_1_93' title='bbox 561 1574 659 1638; x_wconf 82' lang='lat' dir='ltr'><em>quam</em></span> <span class='ocrx_word' id='word_1_94' title='bbox 680 1549 853 1637; x_wconf 80' lang='lat' dir='ltr'><em>dilipenter</em></span> <span class='ocrx_word' id='word_1_95' title='bbox 874 1553 911 1616; x_wconf 89' lang='lat' dir='ltr'><em>in</em></span> <span class='ocrx_word' id='word_1_96' title='bbox 934 1551 995 1614; x_wconf 88' lang='lat' dir='ltr'><em>hac</em></span> <span class='ocrx_word' id='word_1_97' title='bbox 1021 1561 1225 1615; x_wconf 83' lang='lat' dir='ltr'><em>reversatus</em></span> 
     </span>
     <span class='ocr_line' id='line_1_14' title="bbox 107 1633 1225 1719; baseline -0.002 -21"><span class='ocrx_word' id='word_1_98' title='bbox 107 1637 167 1714; x_wconf 91' lang='lat' dir='ltr'><em>sit,</em></span> <span class='ocrx_word' id='word_1_99' title='bbox 196 1636 267 1719; x_wconf 91' lang='lat' dir='ltr'><em>ipse</em></span> <span class='ocrx_word' id='word_1_100' title='bbox 296 1635 431 1719; x_wconf 89' lang='lat' dir='ltr'><em>epistola</em></span> <span class='ocrx_word' id='word_1_101' title='bbox 462 1635 505 1699; x_wconf 90' lang='lat' dir='ltr'><em>ad</em></span> <span class='ocrx_word' id='word_1_102' title='bbox 534 1633 766 1698; x_wconf 88' lang='lat' dir='ltr'><em>Adalhardum</em></span> <span class='ocrx_word' id='word_1_103' title='bbox 799 1636 880 1698; x_wconf 92' lang='lat' dir='ltr'><em>data</em></span> <span class='ocrx_word' id='word_1_104' title='bbox 906 1633 1089 1719; x_wconf 78' lang='lat' dir='ltr'><em>profitetur.</em></span> <span class='ocrx_word' id='word_1_105' title='bbox 1139 1634 1225 1700; x_wconf 79' lang='lat' dir='ltr'><em>Sunt</em></span> 
     </span>
     <span class='ocr_line' id='line_1_15' title="bbox 106 1719 968 1804; baseline 0.001 -23"><span class='ocrx_word' id='word_1_106' title='bbox 106 1721 165 1803; x_wconf 78' lang='lat' dir='ltr'><em>qui</em></span> <span class='ocrx_word' id='word_1_107' title='bbox 186 1721 283 1783; x_wconf 90' lang='lat' dir='ltr'><em>etiam</em></span> <span class='ocrx_word' id='word_1_108' title='bbox 304 1721 554 1804; x_wconf 81' lang='lat' dir='ltr'><em>prammaticum</em></span> <span class='ocrx_word' id='word_1_109' title='bbox 576 1741 657 1804; x_wconf 92' lang='lat' dir='ltr'><em>opus</em></span> <span class='ocrx_word' id='word_1_110' title='bbox 679 1719 747 1802; x_wconf 91' lang='lat' dir='ltr'><em>ipsi</em></span> <span class='ocrx_word' id='word_1_111' title='bbox 767 1719 968 1788; x_wconf 68' lang='lat' dir='ltr'><em>saoconna.</em></span> 
     </span>
    </p>

    <p class='ocr_par' dir='ltr' id='par_1_6' title="bbox 16 1802 1294 3206">
     <span class='ocr_line' id='line_1_16' title="bbox 196 1802 1225 1888; baseline 0 -22"><span class='ocrx_word' id='word_1_112' title='bbox 196 1802 255 1866; x_wconf 83' lang='lat' dir='ltr'><em>Via</em></span> <span class='ocrx_word' id='word_1_113' title='bbox 276 1813 382 1867; x_wconf 92' lang='lat' dir='ltr'><em>tamen</em></span> <span class='ocrx_word' id='word_1_114' title='bbox 407 1825 591 1884; x_wconf 89' lang='lat' dir='ltr'><em>sermonem,</em></span> <span class='ocrx_word' id='word_1_115' title='bbox 614 1825 675 1888; x_wconf 79' lang='lat' dir='ltr'><em>quo</em></span> <span class='ocrx_word' id='word_1_116' title='bbox 697 1805 735 1866; x_wconf 94' lang='lat' dir='ltr'><em>in</em></span> <span class='ocrx_word' id='word_1_117' title='bbox 756 1804 908 1866; x_wconf 86' lang='lat' dir='ltr'><em>Historia</em></span> <span class='ocrx_word' id='word_1_118' title='bbox 928 1802 1225 1888; x_wconf 77' lang='lat' dir='ltr'><em>Eanpobardorum</em></span> 
     </span>
     <span class='ocr_line' id='line_1_17' title="bbox 106 1885 1222 1970; baseline 0.002 -22"><span class='ocrx_word' id='word_1_119' title='bbox 106 1907 189 1949; x_wconf 87' lang='lat' dir='ltr'><em>usus</em></span> <span class='ocrx_word' id='word_1_120' title='bbox 214 1896 269 1968; x_wconf 90' lang='lat' dir='ltr'><em>est,</em></span> <span class='ocrx_word' id='word_1_121' title='bbox 290 1886 493 1952; x_wconf 83' lang='lat' dir='ltr'><em>laudaveris.</em></span> <span class='ocrx_word' id='word_1_122' title='bbox 537 1885 577 1951; x_wconf 78' lang='lat' dir='ltr'><em>Si</em></span> <span class='ocrx_word' id='word_1_123' title='bbox 599 1887 763 1960; x_wconf 82' lang='lat' dir='ltr'><em>codicibus</em></span> <span class='ocrx_word' id='word_1_124' title='bbox 786 1888 1025 1970; x_wconf 79' lang='lat' dir='ltr'><em>antiquissimis</em></span> <span class='ocrx_word' id='word_1_125' title='bbox 1037 1886 1134 1968; x_wconf 76' lang='lat' dir='ltr'><em>fides,</em></span> <span class='ocrx_word' id='word_1_126' title='bbox 1157 1909 1222 1950; x_wconf 88' lang='lat' dir='ltr'><em>non</em></span> 
     </span>
     <span class='ocr_line' id='line_1_18' title="bbox 105 1969 1224 2117; baseline 0 -85"><span class='ocrx_word' id='word_1_127' title='bbox 105 1991 186 2032; x_wconf 86' lang='lat' dir='ltr'><em>raro</em></span> <span class='ocrx_word' id='word_1_128' title='bbox 207 1980 321 2035; x_wconf 91' lang='lat' dir='ltr'><em>contra</em></span> <span class='ocrx_word' id='word_1_129' title='bbox 338 1974 571 2056; x_wconf 78' lang='lat' dir='ltr'><em>prammaticoe</em></span> <span class='ocrx_word' id='word_1_130' title='bbox 590 1971 722 2117; x_wconf 73' lang='lat' dir='ltr'><em>repulus</em></span> <span class='ocrx_word' id='word_1_131' title='bbox 739 1973 889 2056; x_wconf 86' lang='lat' dir='ltr'><em>peccauit</em></span> <span class='ocrx_word' id='word_1_132' title='bbox 903 1969 1039 2034; x_wconf 90' lang='lat' dir='ltr'><em>Paulus.</em></span> <span class='ocrx_word' id='word_1_133' title='bbox 1071 1970 1224 2056; x_wconf 80' lang='lat' dir='ltr'><em>Linpuae</em></span> 
     </span>
     <span class='ocr_line' id='line_1_19' title="bbox 105 2053 1275 2139; baseline 0.001 -22"><span class='ocrx_word' id='word_1_134' title='bbox 105 2053 267 2138; x_wconf 78' lang='lat' dir='ltr'><em>culparis,</em></span> <span class='ocrx_word' id='word_1_135' title='bbox 290 2078 357 2139; x_wconf 81' lang='lat' dir='ltr'><em>qua</em></span> <span class='ocrx_word' id='word_1_136' title='bbox 378 2079 403 2118; x_wconf 91' lang='lat' dir='ltr'><em>s.</em></span> <span class='ocrx_word' id='word_1_137' title='bbox 430 2055 497 2118; x_wconf 88' lang='lat' dir='ltr'><em>VII.</em></span> <span class='ocrx_word' id='word_1_138' title='bbox 520 2065 549 2118; x_wconf 89' lang='lat' dir='ltr'><em>ct</em></span> <span class='ocrx_word' id='word_1_139' title='bbox 575 2055 661 2118; x_wconf 80' lang='lat' dir='ltr'><em>VII.</em></span> <span class='ocrx_word' id='word_1_140' title='bbox 684 2057 858 2139; x_wconf 78' lang='lat' dir='ltr'><em>scriptores</em></span> <span class='ocrx_word' id='word_1_141' title='bbox 880 2064 1006 2118; x_wconf 83' lang='lat' dir='ltr'><em>tantum</em></span> <span class='ocrx_word' id='word_1_142' title='bbox 1029 2077 1095 2118; x_wconf 91' lang='lat' dir='ltr'><em>non</em></span> <span class='ocrx_word' id='word_1_143' title='bbox 1118 2077 1224 2119; x_wconf 92' lang='lat' dir='ltr'><em>omnes</em></span> <span class='ocrx_word' id='word_1_144' title='bbox 1272 2079 1275 2086; x_wconf 90' lang='lat'>·</span> 
     </span>
     <span class='ocr_line' id='line_1_20' title="bbox 107 2137 1223 2224; baseline 0.003 -24"><span class='ocrx_word' id='word_1_145' title='bbox 107 2139 292 2220; x_wconf 88' lang='lat' dir='ltr'><em>utebantur,</em></span> <span class='ocrx_word' id='word_1_146' title='bbox 307 2147 373 2202; x_wconf 91' lang='lat' dir='ltr'><em>tam</em></span> <span class='ocrx_word' id='word_1_147' title='bbox 384 2139 463 2202; x_wconf 86' lang='lat' dir='ltr'><em>Itali</em></span> <span class='ocrx_word' id='word_1_148' title='bbox 478 2161 576 2224; x_wconf 81' lang='lat' dir='ltr'><em>quam</em></span> <span class='ocrx_word' id='word_1_149' title='bbox 592 2137 692 2219; x_wconf 74' lang='lat' dir='ltr'><em>Galli,</em></span> <span class='ocrx_word' id='word_1_150' title='bbox 710 2141 848 2224; x_wconf 79' lang='lat' dir='ltr'><em>uestipia</em></span> <span class='ocrx_word' id='word_1_151' title='bbox 862 2161 1054 2222; x_wconf 84' lang='lat' dir='ltr'><em>nonpauca</em></span> <span class='ocrx_word' id='word_1_152' title='bbox 1068 2141 1223 2202; x_wconf 86' lang='lat' dir='ltr'><em>invenies.</em></span> 
     </span>
     <span class='ocr_line' id='line_1_21' title="bbox 105 2221 1294 2307; baseline 0.002 -23"><span class='ocrx_word' id='word_1_153' title='bbox 105 2221 183 2286; x_wconf 91' lang='lat' dir='ltr'><em>Non</em></span> <span class='ocrx_word' id='word_1_154' title='bbox 206 2231 290 2286; x_wconf 87' lang='lat' dir='ltr'><em>certo</em></span> <span class='ocrx_word' id='word_1_155' title='bbox 313 2225 432 2287; x_wconf 89' lang='lat' dir='ltr'><em>certius</em></span> <span class='ocrx_word' id='word_1_156' title='bbox 454 2231 588 2300; x_wconf 88' lang='lat' dir='ltr'><em>constat,</em></span> <span class='ocrx_word' id='word_1_157' title='bbox 611 2246 693 2307; x_wconf 80' lang='lat' dir='ltr'><em>quae</em></span> <span class='ocrx_word' id='word_1_158' title='bbox 715 2225 783 2306; x_wconf 93' lang='lat' dir='ltr'><em>ipsi</em></span> <span class='ocrx_word' id='word_1_159' title='bbox 800 2223 916 2302; x_wconf 88' lang='lat' dir='ltr'><em>Paulo,</em></span> <span class='ocrx_word' id='word_1_160' title='bbox 960 2245 1022 2286; x_wconf 90' lang='lat' dir='ltr'><em>uae</em></span> <span class='ocrx_word' id='word_1_161' title='bbox 1045 2245 1222 2286; x_wconf 90' lang='lat' dir='ltr'><em>amanuen-</em></span> <span class='ocrx_word' id='word_1_162' title='bbox 1292 2245 1294 2248; x_wconf 85' lang='lat'>·</span> 
     </span>
     <span class='ocr_line' id='line_1_22' title="bbox 105 2247 1223 2388; baseline 0 -20"><span class='ocrx_word' id='word_1_163' title='bbox 105 2306 196 2369; x_wconf 90' lang='lat' dir='ltr'><em>sibus</em></span> <span class='ocrx_word' id='word_1_164' title='bbox 229 2308 295 2370; x_wconf 90' lang='lat' dir='ltr'><em>sint</em></span> <span class='ocrx_word' id='word_1_165' title='bbox 326 2307 509 2372; x_wconf 90' lang='lat' dir='ltr'><em>tribuenda.</em></span> <span class='ocrx_word' id='word_1_166' title='bbox 564 2305 604 2369; x_wconf 79' lang='lat' dir='ltr'><em>Si</em></span> <span class='ocrx_word' id='word_1_167' title='bbox 637 2307 788 2369; x_wconf 89' lang='lat' dir='ltr'><em>Historia</em></span> <span class='ocrx_word' id='word_1_168' title='bbox 816 2247 1112 2388; x_wconf 69' lang='lat' dir='ltr'><em>Lanpodardorum</em></span> <span class='ocrx_word' id='word_1_169' title='bbox 1145 2306 1223 2369; x_wconf 87' lang='lat' dir='ltr'><em>aliis</em></span> 
     </span>
     <span class='ocr_line' id='line_1_23' title="bbox 105 2388 1224 2475; baseline -0.001 -23"><span class='ocrx_word' id='word_1_170' title='bbox 105 2388 199 2453; x_wconf 90' lang='lat' dir='ltr'><em>libris</em></span> <span class='ocrx_word' id='word_1_171' title='bbox 211 2389 429 2475; x_wconf 78' lang='lat' dir='ltr'><em>neplipentius</em></span> <span class='ocrx_word' id='word_1_172' title='bbox 440 2392 565 2473; x_wconf 88' lang='lat' dir='ltr'><em>scripta</em></span> <span class='ocrx_word' id='word_1_173' title='bbox 579 2389 709 2451; x_wconf 86' lang='lat' dir='ltr'><em>uidetur</em></span> <span class='ocrx_word' id='word_1_174' title='bbox 724 2399 752 2451; x_wconf 90' lang='lat' dir='ltr'><em>et</em></span> <span class='ocrx_word' id='word_1_175' title='bbox 763 2389 867 2472; x_wconf 89' lang='lat' dir='ltr'><em>plura</em></span> <span class='ocrx_word' id='word_1_176' title='bbox 881 2389 1040 2451; x_wconf 89' lang='lat' dir='ltr'><em>barbarae</em></span> <span class='ocrx_word' id='word_1_177' title='bbox 1051 2388 1224 2452; x_wconf 83' lang='lat' dir='ltr'><em>locutionis</em></span> 
     </span>
     <span class='ocr_line' id='line_1_24' title="bbox 105 2471 1222 2557; baseline 0 -21"><span class='ocrx_word' id='word_1_178' title='bbox 105 2473 254 2556; x_wconf 85' lang='lat' dir='ltr'><em>enempla</em></span> <span class='ocrx_word' id='word_1_179' title='bbox 270 2474 415 2557; x_wconf 86' lang='lat' dir='ltr'><em>praebet,</em></span> <span class='ocrx_word' id='word_1_180' title='bbox 438 2473 715 2536; x_wconf 87' lang='lat' dir='ltr'><em>considerandum</em></span> <span class='ocrx_word' id='word_1_181' title='bbox 754 2471 862 2536; x_wconf 90' lang='lat' dir='ltr'><em>uidem</em></span> <span class='ocrx_word' id='word_1_182' title='bbox 876 2480 930 2547; x_wconf 89' lang='lat' dir='ltr'><em>est,</em></span> <span class='ocrx_word' id='word_1_183' title='bbox 954 2493 1036 2554; x_wconf 91' lang='lat' dir='ltr'><em>opus</em></span> <span class='ocrx_word' id='word_1_184' title='bbox 1057 2471 1222 2555; x_wconf 77' lang='lat' dir='ltr'><em>imperfec-</em></span> 
     </span>
     <span class='ocr_line' id='line_1_25' title="bbox 105 2495 1221 2638; baseline 0.001 -20"><span class='ocrx_word' id='word_1_185' title='bbox 105 2565 175 2618; x_wconf 88' lang='lat' dir='ltr'><em>tum</em></span> <span class='ocrx_word' id='word_1_186' title='bbox 197 2578 263 2618; x_wconf 90' lang='lat' dir='ltr'><em>csse</em></span> <span class='ocrx_word' id='word_1_187' title='bbox 283 2565 312 2618; x_wconf 90' lang='lat' dir='ltr'><em>et</em></span> <span class='ocrx_word' id='word_1_188' title='bbox 331 2557 388 2618; x_wconf 83' lang='lat' dir='ltr'><em>uia</em></span> <span class='ocrx_word' id='word_1_189' title='bbox 411 2555 451 2618; x_wconf 87' lang='lat' dir='ltr'><em>ab</em></span> <span class='ocrx_word' id='word_1_190' title='bbox 473 2557 546 2638; x_wconf 90' lang='lat' dir='ltr'><em>ipso</em></span> <span class='ocrx_word' id='word_1_191' title='bbox 568 2553 672 2618; x_wconf 90' lang='lat' dir='ltr'><em>Paulo</em></span> <span class='ocrx_word' id='word_1_192' title='bbox 695 2495 852 2620; x_wconf 70' lang='lat' dir='ltr'><em>relictum.</em></span> <span class='ocrx_word' id='word_1_193' title='bbox 882 2553 950 2618; x_wconf 92' lang='lat' dir='ltr'><em>Nec</em></span> <span class='ocrx_word' id='word_1_194' title='bbox 965 2565 1071 2619; x_wconf 89' lang='lat' dir='ltr'><em>tamen</em></span> <span class='ocrx_word' id='word_1_195' title='bbox 1088 2554 1221 2638; x_wconf 82' lang='lat' dir='ltr'><em>afalsis</em></span> 
     </span>
     <span class='ocr_line' id='line_1_26' title="bbox 105 2637 1220 2722; baseline -0.001 -21"><span class='ocrx_word' id='word_1_196' title='bbox 105 2639 275 2702; x_wconf 88' lang='lat' dir='ltr'><em>verborum</em></span> <span class='ocrx_word' id='word_1_197' title='bbox 296 2637 420 2722; x_wconf 80' lang='lat' dir='ltr'><em>formis</em></span> <span class='ocrx_word' id='word_1_198' title='bbox 449 2648 477 2702; x_wconf 94' lang='lat' dir='ltr'><em>et</em></span> <span class='ocrx_word' id='word_1_199' title='bbox 502 2638 697 2702; x_wconf 89' lang='lat' dir='ltr'><em>soloecismis</em></span> <span class='ocrx_word' id='word_1_200' title='bbox 723 2639 916 2702; x_wconf 82' lang='lat' dir='ltr'><em>abstinuisse</em></span> <span class='ocrx_word' id='word_1_201' title='bbox 943 2639 1120 2703; x_wconf 88' lang='lat' dir='ltr'><em>censendus</em></span> <span class='ocrx_word' id='word_1_202' title='bbox 1146 2649 1220 2702; x_wconf 78' lang='lat' dir='ltr'><em>est³.</em></span> 
     </span>
     <span class='ocr_line' id='line_1_27' title="bbox 109 2719 1220 2808; baseline 0.001 -23"><span class='ocrx_word' id='word_1_203' title='bbox 109 2719 185 2796; x_wconf 84' lang='lat' dir='ltr'><em>Qua</em></span> <span class='ocrx_word' id='word_1_204' title='bbox 200 2723 239 2785; x_wconf 91' lang='lat' dir='ltr'><em>de</em></span> <span class='ocrx_word' id='word_1_205' title='bbox 254 2744 288 2785; x_wconf 91' lang='lat' dir='ltr'><em>re</em></span> <span class='ocrx_word' id='word_1_206' title='bbox 303 2745 375 2786; x_wconf 92' lang='lat' dir='ltr'><em>cum</em></span> <span class='ocrx_word' id='word_1_207' title='bbox 387 2721 553 2803; x_wconf 83' lang='lat' dir='ltr'><em>olibifuse</em></span> <span class='ocrx_word' id='word_1_208' title='bbox 565 2723 772 2786; x_wconf 86' lang='lat' dir='ltr'><em>disseruerim</em></span> <span class='ocrx_word' id='word_1_209' title='bbox 784 2723 845 2805; x_wconf 88' lang='lat' dir='ltr'><em>(N.</em></span> <span class='ocrx_word' id='word_1_210' title='bbox 854 2723 977 2786; x_wconf 85' lang='lat' dir='ltr'><em>Archia</em></span> <span class='ocrx_word' id='word_1_211' title='bbox 988 2723 1014 2803; x_wconf 87' lang='lat' dir='ltr'><em>I,</em></span> <span class='ocrx_word' id='word_1_212' title='bbox 1022 2745 1059 2807; x_wconf 91' lang='lat' dir='ltr'><em>p.</em></span> <span class='ocrx_word' id='word_1_213' title='bbox 1071 2722 1133 2787; x_wconf 80' lang='lat'><em>539</em></span> <span class='ocrx_word' id='word_1_214' title='bbox 1145 2726 1220 2808; x_wconf 71' lang='lat' dir='ltr'><em>sp),</em></span> 
     </span>
     <span class='ocr_line' id='line_1_28' title="bbox 16 2805 1221 2892; baseline 0.003 -24"><span class='ocrx_word' id='word_1_215' title='bbox 16 2809 22 2828; x_wconf 83' lang='lat'><strong><em>¹</em></strong></span> <span class='ocrx_word' id='word_1_216' title='bbox 106 2807 185 2870; x_wconf 90' lang='lat' dir='ltr'><em>hacc</em></span> <span class='ocrx_word' id='word_1_217' title='bbox 208 2806 343 2870; x_wconf 84' lang='lat' dir='ltr'><em>breviter</em></span> <span class='ocrx_word' id='word_1_218' title='bbox 363 2809 524 2870; x_wconf 89' lang='lat' dir='ltr'><em>monuisse</em></span> <span class='ocrx_word' id='word_1_219' title='bbox 545 2805 692 2890; x_wconf 83' lang='lat' dir='ltr'><em>sufficiat</em></span> <span class='ocrx_word' id='word_1_220' title='bbox 700 2815 722 2886; x_wconf 76' lang='lat'><em>⁴,</em></span> <span class='ocrx_word' id='word_1_221' title='bbox 745 2829 784 2870; x_wconf 89' lang='lat' dir='ltr'><em>ne</em></span> <span class='ocrx_word' id='word_1_222' title='bbox 805 2805 935 2870; x_wconf 89' lang='lat' dir='ltr'><em>lectores</em></span> <span class='ocrx_word' id='word_1_223' title='bbox 956 2805 1123 2892; x_wconf 82' lang='lat' dir='ltr'><em>offendant</em></span> <span class='ocrx_word' id='word_1_224' title='bbox 1158 2831 1221 2872; x_wconf 92' lang='lat' dir='ltr'><em>uae</em></span> 
     </span>
     <span class='ocr_line' id='line_1_29' title="bbox 16 2831 1221 2976; baseline -0.002 -18"><span class='ocrx_word' id='word_1_225' title='bbox 16 2891 18 2958; x_wconf 59' lang='grc' dir='ltr'><em>ῗ</em></span> <span class='ocrx_word' id='word_1_226' title='bbox 104 2891 203 2954; x_wconf 91' lang='lat' dir='ltr'><em>nimis</em></span> <span class='ocrx_word' id='word_1_227' title='bbox 225 2889 364 2954; x_wconf 89' lang='lat' dir='ltr'><em>barbare</em></span> <span class='ocrx_word' id='word_1_228' title='bbox 385 2912 540 2974; x_wconf 87' lang='lat' dir='ltr'><em>eocpressa</em></span> <span class='ocrx_word' id='word_1_229' title='bbox 562 2891 810 2973; x_wconf 87' lang='lat' dir='ltr'><em>deprehendent.</em></span> <span class='ocrx_word' id='word_1_230' title='bbox 851 2889 981 2955; x_wconf 84' lang='lat' dir='ltr'><em>Codices</em></span> <span class='ocrx_word' id='word_1_231' title='bbox 1000 2893 1097 2954; x_wconf 90' lang='lat' dir='ltr'><em>etiam</em></span> <span class='ocrx_word' id='word_1_232' title='bbox 1113 2831 1221 2976; x_wconf 72' lang='lat' dir='ltr'><em>plura</em></span> 
     </span>
     <span class='ocr_line' id='line_1_30' title="bbox 103 2973 1220 3060; baseline 0.001 -22"><span class='ocrx_word' id='word_1_233' title='bbox 103 2974 265 3060; x_wconf 83' lang='lat' dir='ltr'><em>ejusmodi</em></span> <span class='ocrx_word' id='word_1_234' title='bbox 287 2973 455 3058; x_wconf 88' lang='lat' dir='ltr'><em>praebent,</em></span> <span class='ocrx_word' id='word_1_235' title='bbox 485 2983 513 3036; x_wconf 90' lang='lat' dir='ltr'><em>et</em></span> <span class='ocrx_word' id='word_1_236' title='bbox 541 2983 634 3038; x_wconf 89' lang='lat' dir='ltr'><em>caute</em></span> <span class='ocrx_word' id='word_1_237' title='bbox 663 2998 701 3038; x_wconf 92' lang='lat' dir='ltr'><em>ea</em></span> <span class='ocrx_word' id='word_1_238' title='bbox 730 2983 855 3038; x_wconf 90' lang='lat' dir='ltr'><em>tantum</em></span> <span class='ocrx_word' id='word_1_239' title='bbox 884 2977 992 3058; x_wconf 90' lang='lat' dir='ltr'><em>recepi</em></span> <span class='ocrx_word' id='word_1_240' title='bbox 1021 2997 1103 3060; x_wconf 80' lang='lat' dir='ltr'><em>quae</em></span> <span class='ocrx_word' id='word_1_241' title='bbox 1133 2985 1220 3039; x_wconf 91' lang='lat' dir='ltr'><em>certa</em></span> 
     </span>
     <span class='ocr_line' id='line_1_31' title="bbox 104 3057 1220 3144; baseline -0.001 -22"><span class='ocrx_word' id='word_1_242' title='bbox 104 3079 215 3122; x_wconf 92' lang='lat' dir='ltr'><em>eorum</em></span> <span class='ocrx_word' id='word_1_243' title='bbox 231 3059 421 3122; x_wconf 89' lang='lat' dir='ltr'><em>auctoritate</em></span> <span class='ocrx_word' id='word_1_244' title='bbox 435 3057 559 3142; x_wconf 83' lang='lat' dir='ltr'><em>fulciri</em></span> <span class='ocrx_word' id='word_1_245' title='bbox 577 3057 780 3140; x_wconf 87' lang='lat' dir='ltr'><em>uidebantur,</em></span> <span class='ocrx_word' id='word_1_246' title='bbox 804 3058 881 3122; x_wconf 90' lang='lat' dir='ltr'><em>aliis</em></span> <span class='ocrx_word' id='word_1_247' title='bbox 897 3083 979 3144; x_wconf 83' lang='lat' dir='ltr'><em>quae</em></span> <span class='ocrx_word' id='word_1_248' title='bbox 994 3061 1102 3144; x_wconf 80' lang='lat' dir='ltr'><em>mapis</em></span> <span class='ocrx_word' id='word_1_249' title='bbox 1118 3059 1220 3124; x_wconf 89' lang='lat' dir='ltr'><em>dubia</em></span> 
     </span>
     <span class='ocr_line' id='line_1_32' title="bbox 104 3139 670 3206; baseline 0 -2"><span class='ocrx_word' id='word_1_250' title='bbox 104 3151 199 3205; x_wconf 89' lang='lat' dir='ltr'><em>erant</em></span> <span class='ocrx_word' id='word_1_251' title='bbox 220 3143 257 3206; x_wconf 90' lang='lat' dir='ltr'><em>in</em></span> <span class='ocrx_word' id='word_1_252' title='bbox 280 3143 507 3206; x_wconf 88' lang='lat' dir='ltr'><em>annotationes</em></span> <span class='ocrx_word' id='word_1_253' title='bbox 528 3139 642 3206; x_wconf 88' lang='lat' dir='ltr'><em>relatis</em></span> <span class='ocrx_word' id='word_1_254' title='bbox 650 3152 670 3204; x_wconf 80' lang='lat'><em>⁵.</em></span> 
     </span>
    </p>
   </div>
   <div class='ocr_carea' id='block_1_6' title="bbox 100 3319 1222 4486">
    <p class='ocr_par' dir='ltr' id='par_1_7' title="bbox 100 3319 1222 4486">
     <span class='ocr_line' id='line_1_33' title="bbox 105 3319 1219 3388; baseline 0.004 -18"><span class='ocrx_word' id='word_1_255' title='bbox 105 3319 133 3386; x_wconf 87' lang='lat'><em>1)</em></span> <span class='ocrx_word' id='word_1_256' title='bbox 154 3319 249 3372; x_wconf 86' lang='lat' dir='ltr'><em>Nescio</em></span> <span class='ocrx_word' id='word_1_257' title='bbox 267 3321 339 3373; x_wconf 90' lang='lat' dir='ltr'><em>unde</em></span> <span class='ocrx_word' id='word_1_258' title='bbox 357 3319 495 3384; x_wconf 85' lang='lat' dir='ltr'><em>Mobillou,</em></span> <span class='ocrx_word' id='word_1_259' title='bbox 515 3321 558 3372; x_wconf 88' lang='lat' dir='ltr'><em>Dc</em></span> <span class='ocrx_word' id='word_1_260' title='bbox 577 3337 606 3372; x_wconf 92' lang='lat' dir='ltr'><em>re</em></span> <span class='ocrx_word' id='word_1_261' title='bbox 625 3321 691 3387; x_wconf 90' lang='lat' dir='ltr'><em>dipl.</em></span> <span class='ocrx_word' id='word_1_262' title='bbox 706 3339 738 3388; x_wconf 92' lang='lat' dir='ltr'><em>p.</em></span> <span class='ocrx_word' id='word_1_263' title='bbox 760 3323 802 3384; x_wconf 83' lang='lat'><em>51,</em></span> <span class='ocrx_word' id='word_1_264' title='bbox 823 3321 949 3384; x_wconf 76' lang='lat' dir='ltr'><em>hauserit,</em></span> <span class='ocrx_word' id='word_1_265' title='bbox 970 3340 1029 3374; x_wconf 88' lang='lat' dir='ltr'><em>cam</em></span> <span class='ocrx_word' id='word_1_266' title='bbox 1047 3324 1127 3388; x_wconf 90' lang='lat' dir='ltr'><em>dicat,</em></span> <span class='ocrx_word' id='word_1_267' title='bbox 1147 3323 1219 3375; x_wconf 89' lang='lat' dir='ltr'><em>Pau-</em></span> 
     </span>
     <span class='ocr_line' id='line_1_34' title="bbox 104 3393 1218 3463; baseline 0.003 -18"><span class='ocrx_word' id='word_1_268' title='bbox 104 3395 157 3445; x_wconf 87' lang='lat' dir='ltr'><em>lum</em></span> <span class='ocrx_word' id='word_1_269' title='bbox 172 3394 293 3446; x_wconf 86' lang='lat' dir='ltr'><em>homilias</em></span> <span class='ocrx_word' id='word_1_270' title='bbox 306 3411 359 3460; x_wconf 88' lang='lat' dir='ltr'><em>per</em></span> <span class='ocrx_word' id='word_1_271' title='bbox 378 3412 479 3446; x_wconf 90' lang='lat' dir='ltr'><em>annum</em></span> <span class='ocrx_word' id='word_1_272' title='bbox 497 3394 548 3462; x_wconf 77' lang='lat' dir='ltr'><em>lepi</em></span> <span class='ocrx_word' id='word_1_273' title='bbox 567 3393 657 3446; x_wconf 87' lang='lat' dir='ltr'><em>solitas</em></span> <span class='ocrx_word' id='word_1_274' title='bbox 676 3403 700 3446; x_wconf 90' lang='lat' dir='ltr'><em>et</em></span> <span class='ocrx_word' id='word_1_275' title='bbox 720 3395 820 3460; x_wconf 82' lang='lat' dir='ltr'><em>aliquot</em></span> <span class='ocrx_word' id='word_1_276' title='bbox 833 3393 978 3463; x_wconf 78' lang='lat' dir='ltr'><em>Adpustini</em></span> <span class='ocrx_word' id='word_1_277' title='bbox 997 3394 1121 3462; x_wconf 84' lang='lat' dir='ltr'><em>epistolas</em></span> <span class='ocrx_word' id='word_1_278' title='bbox 1139 3397 1218 3448; x_wconf 85' lang='lat' dir='ltr'><em>inter-</em></span> 
     </span>
     <span class='ocr_line' id='line_1_35' title="bbox 100 3465 1219 3535; baseline 0.002 -17"><span class='ocrx_word' id='word_1_279' title='bbox 100 3467 253 3534; x_wconf 86' lang='lat' dir='ltr'><em>punctionis</em></span> <span class='ocrx_word' id='word_1_280' title='bbox 272 3466 416 3535; x_wconf 74' lang='lat' dir='ltr'><em>sipunculis</em></span> <span class='ocrx_word' id='word_1_281' title='bbox 435 3466 591 3519; x_wconf 83' lang='lat' dir='ltr'><em>illustrassc.</em></span> <span class='ocrx_word' id='word_1_282' title='bbox 631 3465 703 3519; x_wconf 77' lang='lat' dir='ltr'><em>Certe</em></span> <span class='ocrx_word' id='word_1_283' title='bbox 722 3466 752 3518; x_wconf 87' lang='lat' dir='ltr'><em>in</em></span> <span class='ocrx_word' id='word_1_284' title='bbox 771 3466 882 3533; x_wconf 87' lang='lat' dir='ltr'><em>epistola</em></span> <span class='ocrx_word' id='word_1_285' title='bbox 900 3466 996 3519; x_wconf 87' lang='lat' dir='ltr'><em>Karoli</em></span> <span class='ocrx_word' id='word_1_286' title='bbox 1020 3467 1150 3534; x_wconf 75' lang='lat' dir='ltr'><em>encyclica</em></span> <span class='ocrx_word' id='word_1_287' title='bbox 1169 3469 1219 3520; x_wconf 89' lang='lat' dir='ltr'><em>hac</em></span> 
     </span>
     <span class='ocr_line' id='line_1_36' title="bbox 105 3539 1219 3608; baseline 0.001 -16"><span class='ocrx_word' id='word_1_288' title='bbox 105 3541 184 3592; x_wconf 88' lang='lat' dir='ltr'><em>dere</em></span> <span class='ocrx_word' id='word_1_289' title='bbox 209 3539 283 3592; x_wconf 87' lang='lat' dir='ltr'><em>nihil.</em></span> <span class='ocrx_word' id='word_1_290' title='bbox 360 3539 388 3606; x_wconf 78' lang='lat'><em>2)</em></span> <span class='ocrx_word' id='word_1_291' title='bbox 410 3540 450 3605; x_wconf 81' lang='lat' dir='ltr'><em>Of.</em></span> <span class='ocrx_word' id='word_1_292' title='bbox 476 3541 626 3592; x_wconf 88' lang='lat' dir='ltr'><em>Bethmann</em></span> <span class='ocrx_word' id='word_1_293' title='bbox 646 3559 677 3607; x_wconf 90' lang='lat' dir='ltr'><em>p.</em></span> <span class='ocrx_word' id='word_1_294' title='bbox 704 3542 767 3604; x_wconf 82' lang='lat'><em>319,</em></span> <span class='ocrx_word' id='word_1_295' title='bbox 792 3540 839 3606; x_wconf 79' lang='lat' dir='ltr'><em>qui</em></span> <span class='ocrx_word' id='word_1_296' title='bbox 864 3539 1011 3593; x_wconf 88' lang='lat' dir='ltr'><em>testimonia</em></span> <span class='ocrx_word' id='word_1_297' title='bbox 1038 3543 1144 3608; x_wconf 80' lang='lat' dir='ltr'><em>collepit.</em></span> <span class='ocrx_word' id='word_1_298' title='bbox 1183 3542 1219 3593; x_wconf 92' lang='lat' dir='ltr'><em>In</em></span> 
     </span>
     <span class='ocr_line' id='line_1_37' title="bbox 105 3613 1218 3682; baseline 0.003 -18"><span class='ocrx_word' id='word_1_299' title='bbox 105 3621 156 3664; x_wconf 87' lang='lat' dir='ltr'><em>cat.</em></span> <span class='ocrx_word' id='word_1_300' title='bbox 176 3613 236 3664; x_wconf 90' lang='lat' dir='ltr'><em>bibl.</em></span> <span class='ocrx_word' id='word_1_301' title='bbox 254 3613 385 3665; x_wconf 86' lang='lat' dir='ltr'><em>Lauresh.</em></span> <span class='ocrx_word' id='word_1_302' title='bbox 406 3631 450 3679; x_wconf 89' lang='lat' dir='ltr'><em>ap.</em></span> <span class='ocrx_word' id='word_1_303' title='bbox 471 3613 530 3664; x_wconf 87' lang='lat' dir='ltr'><em>Mai</em></span> <span class='ocrx_word' id='word_1_304' title='bbox 548 3613 641 3680; x_wconf 80' lang='lat' dir='ltr'><em>Spicil.</em></span> <span class='ocrx_word' id='word_1_305' title='bbox 667 3614 695 3679; x_wconf 88' lang='lat' dir='ltr'><em>V,</em></span> <span class='ocrx_word' id='word_1_306' title='bbox 718 3631 750 3680; x_wconf 89' lang='lat' dir='ltr'><em>p.</em></span> <span class='ocrx_word' id='word_1_307' title='bbox 773 3615 804 3663; x_wconf 83' lang='lat'><em>19</em></span> <span class='ocrx_word' id='word_1_308' title='bbox 833 3613 938 3680; x_wconf 86' lang='lat' dir='ltr'><em>(Rhein.</em></span> <span class='ocrx_word' id='word_1_309' title='bbox 965 3615 1035 3668; x_wconf 84' lang='lat' dir='ltr'><em>Mus.</em></span> <span class='ocrx_word' id='word_1_310' title='bbox 1061 3613 1171 3679; x_wconf 85' lang='lat' dir='ltr'><em>XXIII,</em></span> <span class='ocrx_word' id='word_1_311' title='bbox 1186 3633 1218 3682; x_wconf 95' lang='lat' dir='ltr'><em>p.</em></span> 
     </span>
     <span class='ocr_line' id='line_1_38' title="bbox 104 3685 1220 3753; baseline 0.003 -16"><span class='ocrx_word' id='word_1_312' title='bbox 104 3687 170 3750; x_wconf 83' lang='lat'><em>390)</em></span> <span class='ocrx_word' id='word_1_313' title='bbox 197 3685 305 3753; x_wconf 77' lang='lat' dir='ltr'><em>lepitur:</em></span> <span class='ocrx_word' id='word_1_314' title='bbox 329 3689 379 3738; x_wconf 85' lang='lat' dir='ltr'><em>Ars</em></span> <span class='ocrx_word' id='word_1_315' title='bbox 404 3689 580 3752; x_wconf 77' lang='lat' dir='ltr'><em>grammatica</em></span> <span class='ocrx_word' id='word_1_316' title='bbox 604 3689 632 3739; x_wconf 86' lang='lat' dir='ltr'><em>S.</em></span> <span class='ocrx_word' id='word_1_317' title='bbox 656 3688 808 3752; x_wconf 81' lang='lat' dir='ltr'><em>Augustini.</em></span> <span class='ocrx_word' id='word_1_318' title='bbox 853 3690 920 3739; x_wconf 86' lang='lat' dir='ltr'><em>Item</em></span> <span class='ocrx_word' id='word_1_319' title='bbox 945 3689 1025 3740; x_wconf 79' lang='lat' dir='ltr'><em>Pauli</em></span> <span class='ocrx_word' id='word_1_320' title='bbox 1048 3689 1165 3738; x_wconf 85' lang='lat' dir='ltr'><em>Disconi</em></span> <span class='ocrx_word' id='word_1_321' title='bbox 1184 3690 1220 3740; x_wconf 83' lang='lat' dir='ltr'><em>ad</em></span> 
     </span>
     <span class='ocr_line' id='line_1_39' title="bbox 105 3758 1219 3827; baseline 0.001 -15"><span class='ocrx_word' id='word_1_322' title='bbox 105 3759 230 3812; x_wconf 69' lang='lat' dir='ltr'><em>barolum</em></span> <span class='ocrx_word' id='word_1_323' title='bbox 250 3775 349 3824; x_wconf 84' lang='lat' dir='ltr'><em>regem.</em></span> <span class='ocrx_word' id='word_1_324' title='bbox 388 3758 423 3810; x_wconf 87' lang='lat' dir='ltr'><em>Id</em></span> <span class='ocrx_word' id='word_1_325' title='bbox 441 3777 502 3811; x_wconf 85' lang='lat' dir='ltr'><em>vcro</em></span> <span class='ocrx_word' id='word_1_326' title='bbox 522 3763 620 3826; x_wconf 86' lang='lat' dir='ltr'><em>procul</em></span> <span class='ocrx_word' id='word_1_327' title='bbox 645 3759 724 3812; x_wconf 89' lang='lat' dir='ltr'><em>dubio</em></span> <span class='ocrx_word' id='word_1_328' title='bbox 745 3761 782 3811; x_wconf 88' lang='lat' dir='ltr'><em>ad</em></span> <span class='ocrx_word' id='word_1_329' title='bbox 807 3761 919 3812; x_wconf 85' lang='lat' dir='ltr'><em>codicem</em></span> <span class='ocrx_word' id='word_1_330' title='bbox 938 3759 1054 3827; x_wconf 87' lang='lat' dir='ltr'><em>pertinet</em></span> <span class='ocrx_word' id='word_1_331' title='bbox 1072 3778 1142 3812; x_wconf 90' lang='lat' dir='ltr'><em>nunc</em></span> <span class='ocrx_word' id='word_1_332' title='bbox 1168 3761 1219 3814; x_wconf 87' lang='lat' dir='ltr'><em>Va-</em></span> 
     </span>
     <span class='ocr_line' id='line_1_40' title="bbox 105 3831 1219 3902; baseline 0.002 -18"><span class='ocrx_word' id='word_1_333' title='bbox 105 3831 358 3884; x_wconf 79' lang='lat' dir='ltr'><em>ticano-Palatinum</em></span> <span class='ocrx_word' id='word_1_334' title='bbox 372 3831 422 3884; x_wconf 87' lang='lat' dir='ltr'><em>Nr.</em></span> <span class='ocrx_word' id='word_1_335' title='bbox 443 3835 522 3898; x_wconf 81' lang='lat'><em>1746,</em></span> <span class='ocrx_word' id='word_1_336' title='bbox 542 3834 588 3884; x_wconf 90' lang='lat' dir='ltr'><em>abi</em></span> <span class='ocrx_word' id='word_1_337' title='bbox 598 3835 627 3901; x_wconf 84' lang='lat' dir='ltr'><em>f.</em></span> <span class='ocrx_word' id='word_1_338' title='bbox 648 3835 700 3885; x_wconf 74' lang='lat'><em>27¹.</em></span> <span class='ocrx_word' id='word_1_339' title='bbox 715 3833 825 3902; x_wconf 74' lang='lat' dir='ltr'><em>lopitur:</em></span> <span class='ocrx_word' id='word_1_340' title='bbox 845 3835 945 3901; x_wconf 86' lang='lat' dir='ltr'><em>Incipit</em></span> <span class='ocrx_word' id='word_1_341' title='bbox 964 3851 1006 3886; x_wconf 83' lang='lat' dir='ltr'><em>ars</em></span> <span class='ocrx_word' id='word_1_342' title='bbox 1020 3836 1120 3886; x_wconf 81' lang='lat' dir='ltr'><em>Donati</em></span> <span class='ocrx_word' id='word_1_343' title='bbox 1140 3852 1219 3902; x_wconf 83' lang='lat' dir='ltr'><em>quam</em></span> 
     </span>
     <span class='ocr_line' id='line_1_41' title="bbox 103 3905 1222 3973; baseline 0.003 -16"><span class='ocrx_word' id='word_1_344' title='bbox 103 3906 202 3958; x_wconf 80' lang='lat' dir='ltr'><em>Paulus</em></span> <span class='ocrx_word' id='word_1_345' title='bbox 222 3907 351 3958; x_wconf 79' lang='lat' dir='ltr'><em>diaconus</em></span> <span class='ocrx_word' id='word_1_346' title='bbox 371 3909 506 3972; x_wconf 78' lang='lat' dir='ltr'><em>exposuit3</em></span> <span class='ocrx_word' id='word_1_347' title='bbox 529 3923 579 3973; x_wconf 80' lang='lat' dir='ltr'><em>quo</em></span> <span class='ocrx_word' id='word_1_348' title='bbox 599 3905 673 3959; x_wconf 85' lang='lat' dir='ltr'><em>titulo</em></span> <span class='ocrx_word' id='word_1_349' title='bbox 692 3905 793 3958; x_wconf 88' lang='lat' dir='ltr'><em>Donati</em></span> <span class='ocrx_word' id='word_1_350' title='bbox 818 3916 899 3960; x_wconf 83' lang='lat' dir='ltr'><em>artem</em></span> <span class='ocrx_word' id='word_1_351' title='bbox 918 3923 997 3972; x_wconf 78' lang='lat' dir='ltr'><em>quam</em></span> <span class='ocrx_word' id='word_1_352' title='bbox 1022 3909 1113 3959; x_wconf 82' lang='lat' dir='ltr'><em>dicunt</em></span> <span class='ocrx_word' id='word_1_353' title='bbox 1137 3907 1222 3960; x_wconf 90' lang='lat' dir='ltr'><em>miuo-</em></span> 
     </span>
     <span class='ocr_line' id='line_1_42' title="bbox 104 3977 1219 4047; baseline 0.002 -17"><span class='ocrx_word' id='word_1_354' title='bbox 104 3995 158 4031; x_wconf 87' lang='lat' dir='ltr'><em>rem</em></span> <span class='ocrx_word' id='word_1_355' title='bbox 176 3977 311 4042; x_wconf 83' lang='lat' dir='ltr'><em>contineri,</em></span> <span class='ocrx_word' id='word_1_356' title='bbox 337 3979 370 4032; x_wconf 78' lang='lat' dir='ltr'><em>A.</em></span> <span class='ocrx_word' id='word_1_357' title='bbox 403 3979 526 4031; x_wconf 88' lang='lat' dir='ltr'><em>Wilmoms</em></span> <span class='ocrx_word' id='word_1_358' title='bbox 551 3978 651 4030; x_wconf 87' lang='lat' dir='ltr'><em>monuit</em></span> <span class='ocrx_word' id='word_1_359' title='bbox 671 3979 778 4045; x_wconf 86' lang='lat' dir='ltr'><em>(Rhcin.</em></span> <span class='ocrx_word' id='word_1_360' title='bbox 797 3981 868 4032; x_wconf 87' lang='lat' dir='ltr'><em>Mus.</em></span> <span class='ocrx_word' id='word_1_361' title='bbox 893 3979 1003 4044; x_wconf 88' lang='lat' dir='ltr'><em>XXIII,</em></span> <span class='ocrx_word' id='word_1_362' title='bbox 1018 3998 1049 4047; x_wconf 91' lang='lat' dir='ltr'><em>p.</em></span> <span class='ocrx_word' id='word_1_363' title='bbox 1069 3981 1144 4047; x_wconf 78' lang='lat'><em>39⁷).</em></span> <span class='ocrx_word' id='word_1_364' title='bbox 1189 3981 1219 4032; x_wconf 89' lang='lat' dir='ltr'><em>V.</em></span> 
     </span>
     <span class='ocr_line' id='line_1_43' title="bbox 106 4051 1219 4120; baseline 0.002 -16"><span class='ocrx_word' id='word_1_365' title='bbox 106 4051 142 4104; x_wconf 82' lang='lat' dir='ltr'><em>Cl.</em></span> <span class='ocrx_word' id='word_1_366' title='bbox 161 4051 231 4116; x_wconf 86' lang='lat' dir='ltr'><em>Keil,</em></span> <span class='ocrx_word' id='word_1_367' title='bbox 252 4052 488 4103; x_wconf 76' lang='lat' dir='ltr'><em>Grammaticorum</em></span> <span class='ocrx_word' id='word_1_368' title='bbox 507 4053 665 4104; x_wconf 76' lang='lat' dir='ltr'><em>latinorum</em></span> <span class='ocrx_word' id='word_1_369' title='bbox 683 4051 767 4104; x_wconf 85' lang='lat' dir='ltr'><em>editor</em></span> <span class='ocrx_word' id='word_1_370' title='bbox 791 4053 963 4116; x_wconf 89' lang='lat' dir='ltr'><em>doctissimus,</em></span> <span class='ocrx_word' id='word_1_371' title='bbox 984 4055 1035 4106; x_wconf 86' lang='lat' dir='ltr'><em>tale</em></span> <span class='ocrx_word' id='word_1_372' title='bbox 1053 4054 1134 4106; x_wconf 90' lang='lat' dir='ltr'><em>Pauli</em></span> <span class='ocrx_word' id='word_1_373' title='bbox 1154 4071 1219 4120; x_wconf 88' lang='lat' dir='ltr'><em>opus</em></span> 
     </span>
     <span class='ocr_line' id='line_1_44' title="bbox 105 4123 1220 4193; baseline 0 -15"><span class='ocrx_word' id='word_1_374' title='bbox 105 4125 209 4178; x_wconf 90' lang='lat' dir='ltr'><em>minime</em></span> <span class='ocrx_word' id='word_1_375' title='bbox 228 4142 255 4177; x_wconf 90' lang='lat' dir='ltr'><em>se</em></span> <span class='ocrx_word' id='word_1_376' title='bbox 273 4123 412 4186; x_wconf 86' lang='lat' dir='ltr'><em>inuenisse,</em></span> <span class='ocrx_word' id='word_1_377' title='bbox 432 4124 497 4178; x_wconf 87' lang='lat' dir='ltr'><em>mihi</em></span> <span class='ocrx_word' id='word_1_378' title='bbox 514 4124 627 4191; x_wconf 81' lang='lat' dir='ltr'><em>scripsit.</em></span> <span class='ocrx_word' id='word_1_379' title='bbox 703 4123 731 4190; x_wconf 86' lang='lat'><em>3)</em></span> <span class='ocrx_word' id='word_1_380' title='bbox 751 4125 845 4178; x_wconf 81' lang='lat' dir='ltr'><em>Etiam</em></span> <span class='ocrx_word' id='word_1_381' title='bbox 862 4124 1032 4178; x_wconf 76' lang='lat' dir='ltr'><em>Einharclum</em></span> <span class='ocrx_word' id='word_1_382' title='bbox 1056 4128 1086 4178; x_wconf 89' lang='lat' dir='ltr'><em>in</em></span> <span class='ocrx_word' id='word_1_383' title='bbox 1104 4127 1220 4193; x_wconf 90' lang='lat' dir='ltr'><em>epistolis</em></span> 
     </span>
     <span class='ocr_line' id='line_1_45' title="bbox 106 4197 1219 4268; baseline 0 -17"><span class='ocrx_word' id='word_1_384' title='bbox 106 4207 129 4252; x_wconf 88' lang='lat' dir='ltr'><em>et</em></span> <span class='ocrx_word' id='word_1_385' title='bbox 148 4198 320 4250; x_wconf 79' lang='lat' dir='ltr'><em>translatione</em></span> <span class='ocrx_word' id='word_1_386' title='bbox 338 4197 368 4250; x_wconf 75' lang='lat' dir='ltr'><em>S.</em></span> <span class='ocrx_word' id='word_1_387' title='bbox 387 4197 460 4250; x_wconf 85' lang='lat' dir='ltr'><em>Petri</em></span> <span class='ocrx_word' id='word_1_388' title='bbox 479 4207 503 4250; x_wconf 88' lang='lat' dir='ltr'><em>et</em></span> <span class='ocrx_word' id='word_1_389' title='bbox 530 4197 681 4252; x_wconf 80' lang='lat' dir='ltr'><em>Marcellini</em></span> <span class='ocrx_word' id='word_1_390' title='bbox 703 4198 874 4267; x_wconf 77' lang='lat' dir='ltr'><em>ueplipentins</em></span> <span class='ocrx_word' id='word_1_391' title='bbox 900 4199 1002 4252; x_wconf 86' lang='lat' dir='ltr'><em>Latina</em></span> <span class='ocrx_word' id='word_1_392' title='bbox 1026 4199 1118 4268; x_wconf 82' lang='lat' dir='ltr'><em>liupua</em></span> <span class='ocrx_word' id='word_1_393' title='bbox 1141 4217 1219 4252; x_wconf 87' lang='lat' dir='ltr'><em>usum</em></span> 
     </span>
     <span class='ocr_line' id='line_1_46' title="bbox 106 4270 1218 4340; baseline -0.001 -15"><span class='ocrx_word' id='word_1_394' title='bbox 106 4288 158 4325; x_wconf 85' lang='lat' dir='ltr'><em>esse</em></span> <span class='ocrx_word' id='word_1_395' title='bbox 177 4289 258 4340; x_wconf 84' lang='lat' dir='ltr'><em>quam</em></span> <span class='ocrx_word' id='word_1_396' title='bbox 275 4271 305 4324; x_wconf 89' lang='lat' dir='ltr'><em>in</em></span> <span class='ocrx_word' id='word_1_397' title='bbox 329 4270 390 4323; x_wconf 72' lang='lat' dir='ltr'><em>Vm</em></span> <span class='ocrx_word' id='word_1_398' title='bbox 408 4270 513 4335; x_wconf 87' lang='lat' dir='ltr'><em>Koroli,</em></span> <span class='ocrx_word' id='word_1_399' title='bbox 538 4289 625 4338; x_wconf 84' lang='lat' dir='ltr'><em>nuper</em></span> <span class='ocrx_word' id='word_1_400' title='bbox 643 4272 828 4325; x_wconf 76' lang='lat' dir='ltr'><em>Ditnzelmann</em></span> <span class='ocrx_word' id='word_1_401' title='bbox 851 4274 960 4327; x_wconf 90' lang='lat' dir='ltr'><em>monuit.</em></span> <span class='ocrx_word' id='word_1_402' title='bbox 1034 4271 1064 4340; x_wconf 81' lang='lat'><em>4)</em></span> <span class='ocrx_word' id='word_1_403' title='bbox 1085 4271 1218 4324; x_wconf 74' lang='lat' dir='ltr'><em>Similibus</em></span> 
     </span>
     <span class='ocr_line' id='line_1_47' title="bbox 106 4345 1219 4414; baseline 0.001 -17"><span class='ocrx_word' id='word_1_404' title='bbox 106 4345 260 4398; x_wconf 83' lang='lat' dir='ltr'><em>soloecismis</em></span> <span class='ocrx_word' id='word_1_405' title='bbox 281 4347 337 4396; x_wconf 91' lang='lat' dir='ltr'><em>alia</em></span> <span class='ocrx_word' id='word_1_406' title='bbox 355 4345 433 4412; x_wconf 83' lang='lat' dir='ltr'><em>hujus</em></span> <span class='ocrx_word' id='word_1_407' title='bbox 461 4345 583 4412; x_wconf 86' lang='lat' dir='ltr'><em>temporis</em></span> <span class='ocrx_word' id='word_1_408' title='bbox 609 4345 729 4396; x_wconf 87' lang='lat' dir='ltr'><em>carmina</em></span> <span class='ocrx_word' id='word_1_409' title='bbox 753 4348 884 4410; x_wconf 84' lang='lat' dir='ltr'><em>laborare,</em></span> <span class='ocrx_word' id='word_1_410' title='bbox 903 4348 962 4414; x_wconf 76' lang='lat' dir='ltr'><em>jain</em></span> <span class='ocrx_word' id='word_1_411' title='bbox 987 4345 1158 4408; x_wconf 74' lang='lat' dir='ltr'><em>Giesehrccht,</em></span> <span class='ocrx_word' id='word_1_412' title='bbox 1178 4345 1219 4398; x_wconf 87' lang='lat' dir='ltr'><em>De</em></span> 
     </span>
     <span class='ocr_line' id='line_1_48' title="bbox 108 4417 1219 4486; baseline -0.002 -16"><span class='ocrx_word' id='word_1_413' title='bbox 108 4417 154 4470; x_wconf 89' lang='lat' dir='ltr'><em>litt.</em></span> <span class='ocrx_word' id='word_1_414' title='bbox 179 4419 250 4470; x_wconf 87' lang='lat' dir='ltr'><em>stud.</em></span> <span class='ocrx_word' id='word_1_415' title='bbox 273 4436 305 4486; x_wconf 87' lang='lat' dir='ltr'><em>p.</em></span> <span class='ocrx_word' id='word_1_416' title='bbox 325 4419 360 4468; x_wconf 85' lang='grc'><em>36</em></span> <span class='ocrx_word' id='word_1_417' title='bbox 386 4419 421 4482; x_wconf 89' lang='lat' dir='ltr'><em>h.,</em></span> <span class='ocrx_word' id='word_1_418' title='bbox 446 4417 545 4470; x_wconf 86' lang='lat' dir='ltr'><em>invitus</em></span> <span class='ocrx_word' id='word_1_419' title='bbox 561 4419 624 4486; x_wconf 87' lang='lat' dir='ltr'><em>sere</em></span> <span class='ocrx_word' id='word_1_420' title='bbox 649 4419 782 4473; x_wconf 87' lang='lat' dir='ltr'><em>concessit.</em></span> <span class='ocrx_word' id='word_1_421' title='bbox 874 4421 900 4484; x_wconf 69' lang='lat'><em>5)</em></span> <span class='ocrx_word' id='word_1_422' title='bbox 920 4420 979 4472; x_wconf 89' lang='lat' dir='ltr'><em>Hoc</em></span> <span class='ocrx_word' id='word_1_423' title='bbox 1003 4436 1086 4471; x_wconf 86' lang='lat' dir='ltr'><em>unum</em></span> <span class='ocrx_word' id='word_1_424' title='bbox 1105 4419 1219 4470; x_wconf 85' lang='lat' dir='ltr'><em>addam:</em></span> 
     </span>
    </p>
   </div>
   <div class='ocr_carea' id='block_1_7' title="bbox 171 4667 177 4702">
    <p class='ocr_par' dir='ltr' id='par_1_8' title="bbox 171 4667 177 4702">
     <span class='ocr_line' id='line_1_49' title="bbox 171 4667 177 4702; baseline 0 0"><span class='ocrx_word' id='word_1_425' title='bbox 171 4667 177 4702; x_wconf 90' lang='lat' dir='ltr'><em>l</em></span> 
     </span>
    </p>
   </div>
   <div class='ocr_carea' id='block_1_8' title="bbox 0 0 1524 5014">
    <p class='ocr_par' dir='ltr' id='par_1_9' title="bbox 0 0 1524 5014">
     <span class='ocr_line' id='line_1_50' title="bbox 0 0 1524 5014; baseline 0 1"><span class='ocrx_word' id='word_1_426' title='bbox 0 0 1524 5014; x_wconf 95' lang='lat' dir='ltr'><em> </em></span> 
     </span>
    </p>
   </div>
  </div>
 </body>
</html>
