3040 5014
280 422 392 474 PAULI
410 421 585 475 HISTORIA
604 421 938 475 LANGOBARDORUM.
976 424 1047 476 LIB.
1067 425 1089 477 1.
1213 425 1245 476 79

210 588 323 654 Libera
345 611 397 654 me
419 587 558 653 breviter
578 587 705 670 referre,
728 588 816 674 quod
837 589 950 654 beatus
964 588 1139 676 Gregorius
1161 612 1247 678 papa

124 673 258 737 minime
279 673 313 736 in
341 671 435 737 huius
465 672 655 736 sanctissimi
699 673 775 736 atris
793 673 861 737 vita
881 671 1056 758 descripsit.
1098 675 1248 762 Denique

126 777 200 820 curn
223 755 334 820 divina
355 755 582 820 ammonitione
596 776 616 818 a
632 693 773 820 Sublacu
793 756 847 818 inb
869 755 963 839 hunc,
987 755 1044 821 ubi
1064 759 1245 844 requiescit,

124 839 234 904 locum
269 862 304 904 er
314 839 545 925 quinquaginta
558 837 659 903 ferme
669 838 758 902 milia
771 839 967 924 adventaret,
982 850 1046 906 tres
1062 864 1135 906 eum
1150 843 1247 923 corvi,

127 945 210 1009 quos
262 944 315 987 ere
337 920 448 986 solitus
464 932 562 1002 erata
577 932 652 986 sunt
667 922 957 988 circumvolitantes
975 925 1086 990 secuti.
1130 923 1193 990 Oui
1207 925 1249 990 ad

128 1028 223 1070 omne
238 1005 361 1070 bivium
371 1007 396 1088 (¹,
417 1027 520 1092 usque
542 1005 640 1070 dum⁰
662 1005 725 1070 huc
737 1007 869 1091 veniret,
891 1006 955 1072 duo
971 1007 1078 1092 angeli
1091 1009 1125 1071 in
1146 1008 1250 1094 figura

127 1089 283 1154 iuvenum
312 1099 518 1174 apparentes,
555 1088 760 1154 ostenderunt
789 1091 835 1173 ei,
869 1112 965 1177 quam
994 1093 1082 1156 viam
1109 1093 1249 1178 arripere

130 1171 271 1238 deberet
313 1173 353 1236 In
373 1171 444 1238 loco
465 1182 573 1238 autem
600 1174 662 1238 isto
690 1173 821 1272 quidam
842 1173 907 1238 Dei
927 1197 1037 1241 servus
1065 1185 1142 1241 tunc
1162 1173 1250 1240 habi-

131 1255 273 1322 taculum
295 1253 443 1338 habebat,
464 1255 506 1320 ad
521 1277 617 1342 quem
639 1257 790 1322 divinitus
811 1259 856 1322 ita
877 1257 1000 1322 dictum
1021 1269 1084 1334 est:

320 1339 409 1404 ‘His‘
430 1349 466 1405 tu
485 1361 583 1424 parce
603 1338 691 1421 locis,
713 1340 793 1406 alter
813 1342 934 1406 amicus
955 1341 1064 1407 adest'.

129 1423 219 1487 Hier
247 1431 370 1504 autem,
400 1423 460 1486 hoc
487 1424 556 1488 esth
588 1423 620 1487 in
654 1423 780 1490 Oassini
811 1426 950 1506 arcemi,
982 1428 1185 1511 perveniens,
1217 1425 1252 1488 in

129 1527 249 1592 magna
269 1527 303 1570 se
326 1527 452 1592 semper
473 1504 665 1572 abstinentia
694 1510 856 1574 coartavit.
894 1508 959 1574 Sed
979 1510 1152 1595 praecipue
1175 1529 1251 1594 qua-

130 1589 330 1676 dragesimae
352 1597 494 1675 tempore
522 1588 684 1654 inclausus
706 1600 738 1655 et
765 1603 905 1658 remotus
926 1615 946 1656 a
974 1591 1087 1656 mundi
1117 1592 1251 1678 strepitu

130 1673 258 1738 mansit.
311 1672 402 1737 Haeo
440 1673 546 1738 omnia
575 1696 616 1738 ex
648 1674 750 1738 Marci
785 1685 900 1762 poetae
935 1678 1076 1741 carmine
1104 1676 1248 1762 sumpsi,

131 1757 187 1843 qui
216 1755 258 1820 ad
280 1756 416 1820 eundem
438 1765 562 1856 patrem
583 1756 646 1821 huc
671 1759 813 1841 veniens,
835 1758 966 1846 aliquod
987 1781 1098 1824 versus
1126 1760 1160 1822 in
1182 1759 1251 1824 eius

128 1839 257 1905 laudem
286 1849 480 1926 composu1t,
512 1861 592 1988 puos
621 1842 655 1904 in
675 1841 725 1906 his
752 1839 867 1908 libellis
896 1864 1011 1909 cavens
1032 1844 1164 1907 nimiam
1184 1841 1252 1906 lon-

130 1923 308 2010 gitudInem
346 1925 477 1988 minime
538 1925 701 2010 escripsi¹.
767 1924 900 1992 Certum
930 1937 1037 1992 tamen
1062 1937 1128 2010 est,
1167 1925 1252 1990 hunc

131 2008 296 2094 egregium
318 2017 441 2092 patrem
462 2017 611 2072 vocatum
633 2009 764 2075 caelitus
787 2011 852 2076 obk
873 2010 934 2076 hoc
948 2009 990 2074 ad
1010 2009 1096 2074 hunc
1116 2008 1252 2074 fertilem

131 2090 238 2156 locum
260 2099 292 2154 et
307 2091 359 2154 cui
373 2091 481 2176 opima
495 2089 587 2155 vallis
602 2092 745 2159 subiacet
760 2093 935 2178 advenisse,
957 2103 993 2158 ut
1006 2093 1059 2157 hic
1080 2091 1253 2158 multorum

132 2173 376 2257 monachorum,
406 2177 490 2239 siout
511 2185 544 2238 et
572 2197 657 2239 nunc
678 2177 751 2242 Deo
773 2176 918 2275 praesule
940 2175 1024 2242 facta
1046 2187 1104 2259 est,
1123 2197 1253 2262 congre-

132 2259 220 2344 gatio
235 2257 334 2322 fieret.
377 2257 438 2322 His
460 2257 589 2340 cursim,
613 2279 695 2344 quae
717 2260 891 2324 omittenda
905 2281 970 2324 non
985 2271 1084 2342 erant,
1105 2261 1250 2341 narratis,

132 2341 174 2406 ad
195 2351 322 2406 nostrae
344 2341 458 2405 seriem
478 2351 677 2406 revertamur
697 2342 856 2407 historiae.

216 2425 267 2488 27.
309 2423 414 2508 Igitur
433 2421 580 2505 Audoin,
611 2423 651 2488 de
680 2447 743 2510 quo
772 2426 1048 2510 praemiseramus,
1069 2424 1253 2510 Langobar-

132 2507 247 2572 dorum
275 2528 334 2570 rex
362 2505 589 2571 Rodelindam¹
617 2508 651 2570 in
676 2509 906 2572 matrimoniom
928 2507 1078 2590 habuit²;
1121 2529 1203 2594 quae
1224 2509 1254 2573 ei

134 2589 263 2672 Alboin,
285 2591 391 2654 virum
412 2587 504 2654 bellis
530 2599 642 2675 aptum
655 2599 695 2656 et
715 2613 774 2676 per
793 2592 900 2656 omnia
919 2601 1094 2674 strenuum,
1143 2592 1253 2676 eperit.

133 2675 281 2739 Mortuus
301 2671 410 2759 itaque
441 2683 489 2738 est
507 2673 646 2757 Audoin,
667 2695 706 2738 ac
728 2673 842 2740 deinde
863 2688 999 2762 regumn
1023 2677 1088 2738 iam
1110 2615 1253 2740 <lecimus

133 2756 253 2823 Alboin
275 2757 317 2820 ad
331 2754 503 2854 regendam
517 2758 654 2842 patriam
676 2761 882 2824 *cunctorum
896 2759 980 2824 votis
1001 2761 1144 2824 accessit.
1189 2759 1301 2840 Qui·v·
1316 2772 1353 2814 ⁶⁹·

134 2863 207 2906 cum
228 2839 475 2904 famosismmum
494 2851 526 2906 et
546 2841 668 2907 viribus
691 2841 810 2907 clarum
832 2843 953 2929 ubique
975 2863 1092 2906 nomen
1112 2842 1253 2926 haberet,

134 2923 335 2990 Ohlotarius⁰
361 2945 419 2987 rex
446 2923 644 2988 Francorum
667 2923 962 2992 Ohlotsuindami·³
991 2927 1020 2990 ei
1042 2947 1134 2990 suam
1155 2925 1254 2990 filiam

133 3010 166 3074 in
188 3007 413 3072 matrimonioi
435 3008 577 3074 sociavit.
611 3009 662 3073 De
684 3030 749 3096 qua
772 3022 888 3074 unamr
909 3018 1034 3074 tanturn
1055 3007 1154 3074 filiam
1175 3008 1253 3095 Alp-

133 3091 301 3158 suindam⁸
341 3091 470 3154 nomine
505 3092 645 3176 genuit⁴.
704 3093 794 3158 Obiit
829 3095 950 3158 interea
978 3093 1169 3158 Turisindus
1195 3115 1254 3158 rex

134 3217 157 3271 a)
181 3227 261 3260 novum
291 3229 338 3268 cap.
370 3216 460 3271 (xxvi.
487 3219 519 3258 vel
541 3217 611 3270 XXV)
635 3219 742 3268 impiant
765 3219 785 3259 A
802 3222 823 3262 1.
840 3216 871 3262 *3.
888 3221 909 3260 3.
933 3221 987 3262 01.
1011 3221 1050 3261 Ab.
1067 3220 1088 3262 5.
1112 3221 1133 3260 D
1151 3221 1185 3259 ls-
1206 3215 1250 3260 *Sa

133 3276 157 3330 b)
173 3279 189 3319 i.
206 3279 228 3318 h.
245 3277 289 3318 des.
304 3279 323 3316 B
341 3279 360 3319 1.
423 3274 444 3328 c)
462 3280 614 3318 consueverat
629 3277 647 3318 G
664 3279 683 3318 1.
701 3278 725 3326 2)
745 3279 812 3319 sicuti
833 3282 1003 3320 consueverant
1017 3280 1029 3318 1
1045 3282 1066 3320 1.
1125 3276 1148 3329 d)
1164 3277 1253 3319 biblum

133 3335 200 3388 Aa,
216 3335 376 3378 ceraunium
391 3334 412 3374 A
429 3337 453 3384 1)
471 3337 603 3376 convivium
620 3336 644 3377 0.
661 3336 690 3378 D.
706 3337 719 3376 Ι
735 3339 755 3376 1.
771 3339 791 3378 2.
809 3337 834 3387 3)
858 3348 949 3378 ornnem
964 3339 1051 3379 rivium
1067 3338 1086 3376 Ε
1099 3339 1120 3376 1.
1137 3357 1163 3366 -
1180 3347 1253 3385 nsque

136 3417 159 3427 -
177 3397 316 3444 apparentes
331 3395 373 3434 des.
388 3395 410 3434 D
427 3394 447 3434 2.
524 3392 545 3446 e)
562 3405 584 3434 u.
602 3395 631 3435 ad
646 3395 691 3434 huc
706 3399 802 3438 venerat
816 3407 873 3436 corr.
890 3407 913 3438 u.
930 3407 976 3444 quo
992 3397 1021 3436 ad
1036 3397 1081 3435 huc
1096 3397 1186 3435 veniret
1201 3394 1222 3433 A
1232 3395 1253 3437 8.

134 3453 153 3506 f)
169 3463 245 3494 versata
260 3453 314 3492 deest
331 3451 348 3493 G
365 3453 386 3494 9..
432 3451 455 3504 g)
472 3452 523 3492 Huc
538 3453 601 3502 11b3
617 3454 678 3493 Huic
695 3453 744 3494 01.
789 3452 814 3505 h)
830 3455 912 3496 beatus
927 3455 1068 3495 Beneffictus
1080 3454 1189 3502 poetata
1199 3453 1220 3492 D
1231 3455 1252 3493 1.

135 3511 152 3564 i)
170 3522 223 3552 arce
239 3510 259 3550 A
275 3511 305 3552 2?
321 3507 352 3552 *4,
428 3508 452 3561 k)
470 3511 499 3552 ab
522 3511 542 3551 A
559 3508 589 3552 *8.
665 3511 682 3562 l)
699 3512 870 3554 Ruodelindam
887 3513 907 3554 G
924 3514 948 3563 2)
971 3512 1103 3554 Rodelinda
1117 3512 1136 3550 F
1153 3513 1173 3550 1.
1190 3510 1211 3552 G
1227 3512 1252 3560 1)
1318 3523 1322 3532 ·

134 3571 287 3610 Rodalindam
304 3568 324 3610 G
340 3569 378 3619 5c3
394 3569 610 3619 Rodelinqusndam
626 3569 665 3622 (en
680 3581 691 3608 e
706 3570 774 3622 corr.)
784 3571 801 3613 0
813 3574 833 3612 1.
895 3570 926 3623 m)
942 3571 1114 3611 matrimonium
1129 3570 1150 3609 D
1160 3569 1181 3613 5.
1189 3569 1215 3610 F.
1224 3569 1252 3608 (1.

137 3628 161 3680 n)
178 3637 258 3678 regum
273 3639 329 3667 corr.
345 3638 441 3676 regnum
457 3627 478 3668 A
495 3629 519 3677 1)
534 3638 632 3678 regnum
647 3629 668 3668 A
684 3625 715 3670 ⁸2.
732 3629 749 3670 O
765 3626 849 3672 '1.4b.
867 3631 888 3672 5.
902 3631 921 3670 Ε
939 3632 959 3672 1.
975 3631 1001 3672 F.
1018 3629 1046 3670 G.
1061 3629 1113 3670 Hi.
1130 3629 1141 3667 1
1158 3630 1178 3669 1.
1196 3628 1253 3678 Η)

136 3697 233 3736 regnum
249 3687 335 3726 utiam
351 3687 450 3726 uiximus
466 3687 485 3726 Ii
504 3689 522 3726 1.
584 3685 606 3739 ο)
624 3687 769 3729 chlotharius
785 3688 805 3730 A
822 3690 842 3732 8.
859 3689 880 3730 4.
898 3689 915 3730 G
932 3693 952 3732 1.
970 3688 990 3730 G
1008 3691 1031 3738 1)
1048 3687 1179 3728 Glothamus
1195 3685 1216 3725 A
1231 3687 1252 3728 3.

137 3748 158 3787 D
174 3742 218 3786 ‘ila
235 3745 255 3786 3.
273 3743 294 3787 5.
319 3743 412 3786 (13.4.
430 3745 495 3786 5a.b.
512 3745 534 3785 Η
550 3747 574 3796 1)
600 3746 755 3788 GhlottharIua
770 3749 789 3788 Ε
807 3749 830 3798 1)
852 3747 1014 3788 Chlodtharius
1037 3747 1097 3796 1’1)
1120 3745 1253 3786 motharius

138 3805 158 3846 G
173 3805 200 3854 2)
216 3804 338 3844 Lotharius
354 3813 516 3854 nonnumquam
532 3803 579 3846 01.
595 3805 615 3846 D
625 3807 645 3846 1.
663 3807 684 3848 3.
744 3803 768 3856 p)
785 3805 965 3848 Ghlodrnindam
980 3807 1028 3846 Fi.
1046 3804 1079 3854 (1)
1095 3804 1253 3846 Ghlotsnidam

138 3860 206 3914 0¹13
230 3862 332 3904 chloths.
357 3861 416 3912 01)
441 3862 511 3904 Clota.
536 3862 556 3903 A
572 3860 602 3904 ’3.
619 3865 640 3903 D
657 3867 682 3914 1)
707 3863 856 3905 Glotiundam
871 3867 893 3906 H
909 3867 929 3908 1.
1004 3862 1027 3915 q)
1045 3864 1076 3902 tta
1099 3863 1120 3902 A
1137 3865 1158 3904 1.
1174 3859 1206 3904 ’1.
1223 3859 1253 3904 ⁸³.

135 3923 154 3964 11
172 3925 192 3964 1.
208 3923 226 3962 F
244 3924 269 3972 1)
291 3921 463 3962 matrimonIum
478 3923 546 3963 caim.
606 3920 625 3974 r)
642 3933 690 3962 nna
705 3921 726 3962 A
742 3925 762 3964 1.
780 3922 801 3964 G
817 3925 838 3967 1.
896 3922 916 3976 s)
932 3921 1100 3973 Alapsuindam
1121 3922 1142 3962 A
1159 3922 1180 3964 1.
1196 3922 1215 3962 Β
1232 3922 1252 3962 1).

137 3983 192 4031 13)
208 3981 344 4031 Alpsuidam
361 3981 378 4022 G
394 3976 598 4030 ⁸13Albsu1ndam
621 3980 642 4021 A
658 3982 679 4022 3.
703 3981 758 4022 ca.
781 3983 802 4021 D
820 3985 839 4023 1.
857 3983 877 4034 A,
901 3987 920 4022 et
944 3982 1006 4031 iufra
1021 3981 1042 4020 A
1058 3983 1078 4022 1.
1097 3983 1109 4021 1
1134 3980 1175 4033 (tte
1191 3981 1253 4020 etium

138 4038 309 4092 Albsoiudam);
324 4039 451 4090 Alsupdam
467 4039 487 4080 A
504 4041 528 4088 (1)
544 4038 681 4080 Alsuindam
696 4038 717 4078 A
733 4041 753 4083 2.
769 4041 790 4082 (1.
807 4041 826 4080 Ε
836 4043 860 4090 1)
876 4039 1022 4082 Albisindam
1037 4040 1087 4082 ΡΙ.
1104 4038 1144 4080 Gi
1155 4060 1181 4070 -
1191 4039 1211 4079 4.
1221 4037 1252 4078 ²5.

137 4099 279 4140 Albircidam
294 4099 348 4148 12)
376 4097 502 4140 Absindam
520 4097 540 4139 G
555 4098 598 4148 51))
621 4098 758 4139 Albsindam
783 4097 850 4150 G⁵o;
873 4100 998 4140 Aliundam
1013 4100 1069 4148 Η1)
1095 4097 1253 4148 Lapsuindam

139 4157 155 4199 (1
172 4160 193 4200 1.
210 4179 237 4188 -
253 4167 338 4198 noman
355 4156 375 4198 G
391 4160 410 4199 1.

140 4252 167 4320 1)
193 4253 257 4306 Vide
278 4270 309 4306 ex
322 4253 416 4320 priore
428 4251 511 4305 Pauli
529 4252 594 4304 libro
608 4251 767 4318 desort'pium
786 4250 862 4307 Arcb.
876 4253 910 4318 X,
927 4269 954 4318 p.
969 4253 1020 4302 331
1035 4270 1074 4318 aq.
1130 4249 1159 4316 2)
1178 4249 1253 4300 Haec

138 4342 168 4378 ea
183 4324 254 4393 Oriq.
321 4327 350 4394 3)
364 4326 436 4378 Huic
446 4325 566 4378 Nicetiua
581 4325 743 4379 Trevirensia
754 4327 889 4393 epistolum
898 4325 1009 4392 scripsit,
1025 4323 1123 4377 aditum
1133 4323 1255 4386 Bouquet

137 4398 189 4464 IV,
203 4415 235 4468 p.
250 4400 293 4452 76.
370 4398 400 4466 4)
420 4399 495 4453 Haec
514 4415 547 4451 ea
570 4396 641 4466 Oriy.
