3076 5004
343 424 395 474 148
489 422 600 472 PAULI
621 421 795 472 HISTORIA
814 419 1153 472 LANGOBARDORUM.
1192 419 1333 473 LIB.1V.

341 601 449 656 vestra
476 588 702 653 confidendum
730 587 799 668 fuit,
822 587 884 650 nisi
912 589 988 674 quia
1014 588 1048 650 in
1075 607 1172 650 causa
1200 588 1290 672 pacis
1318 586 1476 653 laborem

341 684 373 740 et
398 673 572 738 bonitatem
599 681 738 738 vestram
767 669 915 736 omnibus
943 671 1159 736 monstraretis
1168 680 1192 732 ἃ.
1238 670 1333 736 Unde
1364 674 1476 736 omni-
1517 689 1518 698 ³

340 758 462 844 potenti
472 756 543 820 Deo
565 757 683 841 gratias
705 755 840 842 agimus,
862 755 937 842 quib
959 756 1004 820 ita
1019 776 1074 819 cor
1088 762 1232 819 vestrum
1251 775 1308 818 sua
1323 757 1473 840 pietate⁰

339 844 431 928 regit,
453 850 497 922 ut,
521 841 604 906 sicut
625 839 722 904 fidem
740 849 861 904 rectam
881 839 1002 920 tribuit,
1024 839 1069 904 ita
1091 859 1219 937 quoque
1240 836 1377 924 placitatl
1401 840 1472 904 sibi

339 945 397 990 vos
425 945 552 1010 semper
582 924 706 1009 operari
733 923 918 988 concedere.
964 923 1038 988 Non
1067 945 1161 1004 emm,
1193 921 1472 987 excellentissima

340 1007 414 1091 filia,
443 1008 482 1073 de
505 1009 670 1093 sanguine,
720 1009 754 1070 ui
774 1006 816 1071 ab
844 1017 979 1093 utraque
1008 1015 1098 1093 parte
1125 1005 1325 1070 fundendusf
1346 1006 1470 1090 fuerat,

340 1114 475 1180 parvam
495 1102 527 1156 te
550 1091 661 1157 credas
684 1030 884 1177 adquisisset
906 1091 1095 1156 mercedem.
1138 1089 1192 1154 Ex
1208 1111 1271 1176 qua
1293 1112 1327 1154 re
1348 1089 1467 1154 volun-
1517 1115 1518 1134 ¹

339 1177 397 1241 tati
429 1184 554 1241 vestrae
587 1175 728 1261 gratiasll
764 1174 952 1256 referentes,
990 1175 1054 1239 Dei
1079 1175 1181 1238 nostri
1209 1174 1470 1238 misericordiam

340 1261 557 1346 deprecamur,
579 1270 616 1324 ut
636 1259 795 1324 bonorum
815 1259 908 1324 vobis
936 1259 1039 1323 vicem
1065 1259 1099 1320 in
1128 1279 1262 1343 corpore
1294 1266 1326 1322 ct
1354 1260 1470 1322 anima

340 1343 392 1408 hic
428 1354 460 1408 et
494 1345 529 1407 in
560 1343 667 1406 futuro
701 1343 902 1428 conpensari.
957 1341 1138 1407 Salutantes
1174 1343 1255 1405 vosk
1293 1351 1469 1428 praeterea
1517 1375 1518 1406 t

339 1437 472 1514 paterna
493 1426 662 1491 dilectione
684 1427 855 1507 hortamur,
878 1437 914 1491 ut
934 1437 1013 1512 aput
1029 1423 1330 1490 excellentissimum
1352 1427 1469 1490 coniu-

339 1513 428 1598 gem¹
458 1518 599 1576 vestrum
619 1509 673 1572 illa
695 1511 812 1595 agatis,
865 1519 999 1574 uatenus
1021 1509 1212 1574 christianae
1243 1509 1467 1596 reipublicae

340 1595 526 1660 societatem
546 1617 611 1658 non
632 1603 799 1658 rennuatm.
873 1615 926 1658 am
947 1595 1028 1657 sicut
1050 1603 1082 1658 et
1102 1614 1160 1658 vos
1183 1593 1264 1658 scire
1287 1592 1465 1675 credimus,

340 1677 447 1742 moitis
480 1678 583 1742 modis
616 1687 664 1741 est
695 1677 786 1760 utile,
817 1679 845 1740 si
873 1699 906 1742 se
934 1678 976 1742 ad
1004 1678 1073 1743 eius
1105 1676 1280 1742 amicitiam
1313 1677 1466 1742 conferre

341 1760 487 1826 voluerit.
520 1761 587 1826 Vos
617 1781 693 1843 ergo
723 1782 811 1825 more
839 1771 945 1825 vestro
968 1783 1051 1847 quae
1079 1760 1121 1824 ad
1141 1761 1276 1846 gratiam
1298 1761 1467 1846 partiumn

364 1845 500 1910 ertinent
531 1867 657 1931 semper
688 1845 828 1910 studete⁰
860 1853 965 1931 atque,
997 1846 1053 1910 ubi
1086 1855 1204 1909 causat
1236 1844 1395 1910 mercedis
1430 1867 1467 1909 se

340 1868 473 2010 dederit,
497 1927 666 2010 elaborate,
687 1938 724 1993 ut
737 1927 822 1992 bona
846 1939 954 1994 vestra
980 1927 1118 2075 amplius
1139 1937 1213 1992 ante
1236 1930 1468 2014 omnipotentis

342 2013 406 2076 Dei
418 2010 526 2076 oculos
539 2010 787 2077 commendetis'.
813 2013 917 2076 Itemt
931 2013 1032 2097 episto
1045 2033 1065 2074 a
1075 2012 1219 2076 eiusdem
1230 2013 1272 2076 ad
1282 2011 1466 2096 Agilulfum

227 2109 486 2181 ·„,110,regem¹:
508 2093 712 2182 “Gregorius
726 2093 889 2180 Agilulior
910 2097 980 2180 regi
996 2095 1289 2181 Langobardorum.
1333 2095 1466 2161 Gratias

344 2221 367 2274 a)
383 2223 570 2263 demonstraretis
586 2223 604 2262 l?
620 2223 646 2270 43
663 2223 824 2263 demonstretis
842 2221 863 2262 d
880 2223 949 2272 1-43
966 2223 1128 2264 demonstratis
1145 2220 1213 2271 (ἴδας
1230 2222 1389 2262 monstraretis
1405 2222 1426 2260 F
1444 2223 1467 2265 5.

342 2280 366 2332 b)
381 2283 436 2331 quia
451 2280 471 2320 A
489 2283 509 2324 1.
526 2282 547 2320 D
565 2283 586 2324 2.
601 2282 627 2322 F.
645 2281 672 2322 G.
741 2280 762 2331 c)
778 2282 889 2330 pietatem
904 2281 923 2320 F
940 2283 960 2322 1.
1026 2279 1050 2332 d)
1066 2281 1176 2330 placitam
1190 2280 1209 2319 F
1226 2275 1252 2321 1.'
1315 2279 1337 2330 e)
1355 2282 1468 2322 concedit

341 2341 470 2384 Ai.3.B
488 2341 507 2378 2.
525 2339 643 2381 (12.1)1.
661 2340 744 2390 2,atti.
789 2337 877 2390 Oderat
893 2341 944 2380 Da.
991 2337 1014 2390 g)
1031 2340 1233 2388 adquiseisetFl.
1278 2337 1303 2390 h)
1320 2341 1396 2387 gratia
1412 2340 1465 2381 Pl.

342 2398 359 2451 i)
376 2401 431 2440 deest
447 2399 468 2439 G
484 2401 504 2449 1,
528 2399 566 2438 abt
585 2403 637 2448 post
659 2399 734 2438 vicem
757 2399 840 2447 supptr
864 2398 958 2448 reddat;
983 2399 1094 2438 concedat
1110 2397 1131 2438 d
1147 2399 1167 2438 2.
1244 2395 1268 2448 k)
1285 2399 1340 2436 deest
1357 2395 1425 2440 0'1.
1446 2402 1467 2442 1.

342 2458 359 2510 l)
374 2459 489 2499 seniorem
507 2457 556 2497 Gt.
618 2455 650 2509 m)
666 2461 767 2496 renuunt
782 2457 835 2505 Ali
851 2457 930 2496 renuit
946 2457 995 2496 Gt.
1012 2459 1038 2507 45
1054 2457 1147 2497 rennuit
1162 2457 1210 2498 Ba.
1229 2455 1284 2505 αις
1300 2457 1393 2496 renuait
1409 2457 1466 2508 0¹3

341 2520 441 2558 renouat
456 2527 466 2555 e
481 2527 538 2556 corr.
555 2517 576 2555 D
587 2517 606 2555 l.
652 2513 676 2565 n)
694 2515 799 2564 pacisG3
815 2516 870 2554 deest
885 2517 956 2564 spatio
971 2526 1039 2556 cauco
1055 2517 1126 2555 raticio
1142 2517 1206 2556 Bla.
1253 2515 1274 2566 o)
1290 2516 1431 2555 studetemF
1443 2520 1464 2559 i.

340 2574 364 2626 p)
380 2585 473 2615 causam
490 2577 508 2614 A
526 2577 545 2616 1.
565 2595 590 2604 -
607 2574 824 2614 mercedisedederit
838 2573 859 2613 A
876 2576 895 2613 1.
911 2571 941 2614 ’2.
958 2576 979 2616 2.
1004 2573 1068 2614 O‘l.
1087 2577 1105 2614 1.
1123 2576 1143 2614 D
1160 2571 1205 2615 'tta
1223 2575 1243 2614 9.
1269 2575 1287 2613 F
1305 2577 1331 2624 1,
1347 2577 1465 2616 mercedis

341 2635 441 2674 ediderit
450 2633 467 2674 0
477 2635 496 2674 2.
507 2635 527 2672 D
538 2635 559 2672 1.
569 2635 603 2672 ia.
614 2633 634 2673 6.
644 2633 662 2671 F
671 2633 691 2672 4.
703 2631 723 2672 G
733 2633 802 2682 1-4;
818 2629 914 2673 merced
926 2644 950 2674 se
959 2627 1023 2673 dedit
1031 2633 1051 2672 A
1059 2635 1083 2682 45
1092 2634 1197 2676 mercede
1207 2643 1232 2672 se
1241 2633 1330 2672 dederit
1338 2633 1356 2672 A
1365 2633 1392 2682 ὃς
1402 2644 1464 2674 mer·

339 2694 400 2733 cedis
417 2692 564 2733 sederitEi.
596 2689 619 2740 q)
637 2692 695 2730 Item
713 2711 738 2720 -
755 2702 832 2740 regem
847 2689 962 2732 des.A*4.
972 2692 993 2736 5,
1003 2693 1025 2733 6.
1042 2693 1060 2732 B
1075 2695 1110 2732 la.
1127 2692 1211 2733 ΗΒ.
1226 2691 1246 2733 5.
1264 2693 1315 2732 n4.
1332 2693 1352 2732 6.
1367 2692 1388 2731 9.
1405 2691 1463 2734 ds.

340 2751 351 2791 1
368 2753 393 2802 ὃς
414 2753 477 2791 tidem
492 2750 589 2789 dasteri
606 2749 629 2790 O.
646 2750 675 2790 D.
692 2749 710 2788 F
727 2749 747 2792 5.
765 2749 786 2791 G
801 2750 860 2790 iac
875 2751 909 2790 tric
923 2761 1003 2790 novum
1017 2751 1123 2800 incipiant
1138 2761 1186 2800 cap.
1248 2748 1268 2801 r)
1285 2749 1387 2799 Agiiolio
1403 2752 1422 2790 F
1443 2755 1463 2792 i.

342 2845 369 2912 1)
380 2846 443 2912 Rep.
454 2844 503 2906 IX,
516 2844 561 2894 42.
580 2843 624 2893 Ea
640 2842 749 2910 registro
761 2852 873 2911 apparet
883 2845 931 2896 bas
945 2845 1045 2897 litteras
1055 2847 1134 2896 datas
1143 2844 1286 2897 indictione
1297 2845 1322 2896 2.
1341 2843 1377 2896 Aa
1387 2846 1410 2896 si
1420 2864 1462 2899 se·

340 2917 429 2983 quenti
441 2932 528 2969 nense
546 2915 680 2967 Januario
700 2917 828 2982 apparuit
847 2918 922 2969 stella
935 2928 1050 2982 cometes,
1070 2925 1093 2971 et
1105 2917 1221 2970 Joannes
1242 2916 1460 2983 archiepiscopus

339 2990 485 3040 Ravennae
503 2996 668 3052 mortuusest,
687 2989 761 3054 isque
781 3007 851 3041 anno
872 2991 934 3055 595,
959 3000 989 3042 ut
1007 2991 1144 3043 Baronius
1163 2999 1187 3044 et
1206 3008 1239 3042 en
1257 2990 1367 3058 Apnetlo
1387 2991 1460 3043 Bac-

339 3061 442 3114 cbinius
462 3061 601 3126 contendit,
621 3061 717 3114 eoiois
736 3064 855 3114 sublatus
875 3072 919 3126 est,
940 3064 977 3114 od
995 3065 1143 3130 superiores
1162 3081 1246 3115 annos
1257 3065 1370 3130 firmata
1382 3063 1458 3116 Lan·

336 3135 468 3202 gebardos
487 3135 556 3186 inter
575 3143 599 3186 et
612 3135 744 3187 Romanos
759 3153 819 3202 paro
833 3144 897 3188 esset
915 3137 1075 3188 reuocanda.
1114 3137 1223 3188 Minime
1241 3154 1302 3188 uero
1322 3145 1459 3202 acceptam

316 3209 407 3269 ¹banc
439 3208 614 3259 chronotanin
641 3217 782 3262 everterent
814 3216 966 3276 arpamento
994 3209 1162 3276 potissimum
1191 3211 1301 3261 atterius
1330 3209 1459 3275 epistolae

338 3280 453 3350 ejusdem
472 3298 493 3332 s.
516 3281 650 3349 pontificis
670 3283 706 3333 ad
734 3281 917 3334 Innocentium
935 3280 1044 3348 Aflicae
1067 3273 1305 3349 praetectum'lib.
1324 3282 1358 3346 X,
1378 3283 1460 3335 datae

338 3355 508 3420 subsequente
534 3352 678 3406 indictione
698 3355 723 3418 3,
760 3355 789 3406 in
817 3371 872 3421 qua
901 3354 1005 3408 scribit:
1035 3356 1236 3422 cognoscentes
1265 3357 1353 3420 igitur,
1377 3357 1459 3421 quale

338 3427 454 3479 studium
473 3430 502 3478 in
520 3429 712 3494 praeparandis
740 3427 910 3480 dromonibus
936 3431 1080 3494 gesseritis,
1106 3428 1316 3481 sollicitudinem
1341 3435 1459 3480 vestram

339 3501 490 3553 desiderato
503 3502 595 3551 nuntio
615 3501 771 3563 relevamus,
790 3501 950 3566 indicantes,
969 3519 1029 3552 cum
1045 3502 1282 3568 Langobardorum
1295 3517 1359 3566 rege
1372 3517 1458 3567 usque

338 3575 374 3624 ad
393 3590 511 3626 mensem
537 3574 661 3624 Martium
689 3574 792 3626 futurae
821 3580 932 3641 quartae
951 3575 1104 3627 indictionis
1125 3575 1158 3625 de
1187 3589 1263 3642 pace,
1293 3575 1468 3641 propitiante

337 3649 462 3710 Domino,
490 3648 657 3698 convenisse.
704 3647 778 3709 Quae
798 3649 821 3698 si
848 3649 1000 3712 retineatur,
1025 3651 1186 3714 ignoramus,
1218 3649 1281 3714 quia
1309 3647 1380 3696 idem
1408 3663 1456 3698 rex

338 3721 437 3772 obiisse
455 3725 550 3786 postea
568 3720 710 3771 nunciatus
730 3725 778 3782 est,
806 3721 871 3771 licet
896 3721 984 3772 adhuc
1009 3721 1138 3772 habeatur
1162 3723 1301 3772 incertum.
1341 3717 1456 3785 &mque

337 3793 366 3844 in
386 3809 527 3858 capacem
545 3791 582 3842 od
596 3789 748 3858 prouimarn
767 3799 890 3858 quartam
913 3791 1081 3856 indictionem
1106 3793 1234 3846 sancitam
1255 3791 1345 3858 fuisse
1365 3801 1455 3856 epate

338 3871 442 3928 constet,
462 3865 540 3916 datas
560 3865 639 3916 etiarn
658 3865 820 3918 antecedenti
839 3867 864 3920 2.
882 3867 1074 3934 gratulatorias
1094 3867 1130 3918 ad
1142 3863 1314 3934 Apituipburn
1333 3873 1356 3916 et
1374 3865 1454 3916 tneo-

338 3937 483 4001 dotindant,
506 3938 652 3990 necessario
671 3937 811 3990 dicendum
837 3947 874 3990 est
893 3955 925 3990 eu
951 3940 1075 3993 breuitate
1100 3940 1230 4005 temporis,
1258 3955 1312 4004 pua
1335 3938 1453 4000 nondum

337 4010 472 4060 constabat
490 4010 523 4062 de
542 4011 692 4063 valetudine
716 4011 795 4079 regis.
839 4012 883 4062 Ea
903 4029 936 4064 ca
954 4013 1033 4064 etiarn
1051 4013 1162 4080 epistola
1186 4013 1361 4079 cognoscimus
1374 4011 1453 4076 pacis

337 4083 505 4146 conditiones,
525 4099 593 4149 quas
611 4083 717 4136 minime
737 4085 839 4137 Paulus
859 4087 995 4149 recensuit,
1014 4103 1122 4152 eamque
1134 4084 1224 4152 fuisse
1246 4085 1330 4150 pretio
1349 4101 1453 4150 compa·

337 4161 426 4206 ratarn
441 4171 473 4207 eu
493 4156 581 4207 eodem
600 4157 643 4210 lib.
664 4158 738 4222 epist.
751 4159 836 4224 facile
856 4159 915 4224 quic
935 4167 1036 4226 arpen,
1064 4167 1142 4224 atque
1161 4160 1198 4210 ad
1216 4159 1245 4210 id
1262 4159 1383 4222 fortasse
1412 4176 1441 4210 re

337 4227 453 4294 spiciunt
472 4246 503 4280 ea
522 4245 590 4295 quae
609 4231 646 4281 ad
666 4229 844 4282 Oonstantiarn
873 4239 1013 4298 aupustam
1040 4231 1143 4282 scribit:
1172 4233 1274 4298 Viginti
1293 4232 1456 4283 artemiam
1517 4259 1518 4264 =

339 4307 365 4352 et
384 4309 487 4369 septem
506 4318 589 4354 anuos
610 4303 739 4366 ducimus,
760 4304 831 4370 quod
850 4305 877 4354 in
897 4305 948 4354 hac
967 4305 1031 4372 urbe
1051 4307 1120 4356 inter
1139 4305 1376 4370 Langobardorum
1395 4304 1442 4370 gla

337 4375 396 4427 dios
414 4377 537 4428 vivimus.
584 4377 685 4438 Quibus
709 4393 787 4442 quam
808 4376 891 4428 multa
911 4379 961 4428 hac
981 4378 1015 4428 ab
1036 4377 1153 4428 ecclesia
1173 4378 1335 4444 quotidianis
1356 4377 1452 4432 diebus
