3040 5014
347 382 458 435 PAULI
477 381 653 434 HISTORIA
671 379 1007 433 LANGOBARDORUM.
1215 383 1231 432 3

26 593 27 598 1
146 552 245 615 Item
267 572 406 614 versus
427 546 542 613 Pauli
565 547 724 612 diaconi
746 545 793 611 de
814 548 925 612 annis
948 569 968 611 a
988 549 1209 635 principie.

180 668 211 733 A
222 669 389 818 principio
412 665 592 732 seculorum
614 689 715 754 usque
737 666 779 731 ad
800 665 956 731 diluvium

245 763 372 818 uocenn
394 750 604 838 quadraginta
625 750 688 815 duo
710 749 787 814 bina
807 750 895 814 milia

222 835 350 902 evoluta
371 844 585 922 supputantur
605 856 761 898 annorum
782 833 949 899 curricula.

179 939 307 1004 Dehinc
329 959 431 1023 usque
453 959 516 1036 quo
538 935 641 1002 fidelis
662 935 826 1034 Abraham
848 946 977 1035 onorius
1000 947 1048 1003 est

221 1023 331 1087 novies
353 1030 478 1086 centem
500 1021 564 1084 duo
587 1020 800 1108 quadragmta
820 1029 939 1106 panter

223 1105 285 1170 sibi
307 1106 500 1170 successisse
522 1107 598 1168 anni
620 1105 804 1169 scribuntur
825 1127 866 1170 ex
888 1104 1007 1170 ordine.

180 1209 234 1272 Ex
254 1209 315 1271 hoc
337 1217 479 1293 tempore
502 1229 668 1294 quousque
689 1207 744 1272 Mo
768 1209 796 1270 si
817 1209 852 1272 in
872 1207 1001 1272 heremo

221 1299 463 1379 praeceptorum
484 1291 628 1355 instituta
648 1290 730 1356 tradi
755 1293 778 1355 't
798 1290 982 1356 Altissimus

220 1397 319 1439 annos
342 1376 483 1462 quinque
505 1385 537 1438 et
559 1375 749 1461 quingentos
770 1377 958 1460 praeterisse
980 1376 1141 1442 terminos.

179 1478 275 1564 Legis
297 1477 390 1541 datae
411 1499 430 1540 a
451 1477 565 1541 diebus
587 1485 618 1541 et
639 1479 837 1563 conscriptae
859 1475 989 1542 caelitus

220 1583 322 1648 usque
344 1583 407 1647 quo
429 1559 583 1646 templum
605 1561 724 1626 dicavit
743 1585 801 1626 rex
826 1562 1077 1646 sapientissimus

221 1644 445 1732 quadringenti
467 1647 628 1730 octoginta
649 1645 741 1710 orbes
763 1644 882 1710 evoluti
904 1655 985 1709 sunt.

178 1748 340 1813 Percurrit
360 1745 436 1810 hinc
456 1745 581 1810 annalis
603 1746 680 1810 ordo
702 1768 761 1810 sua
782 1769 796 1810 s
820 1749 891 1811 acia

220 1831 442 1980 quingentenis
464 1841 495 1894 et
516 1829 652 1928 bissenis
673 1831 774 1912 annis,
795 1769 995 1929 Babylonica

243 1936 323 1978 onec
344 1913 497 2000 populum
519 1913 657 1978 vastablt
677 1912 777 1979 Israel
799 1924 977 2000 eaptrvnas.

23 2093 25 2116 τ
89 2081 91 2086 ,
177 2016 305 2082 Exhinc
327 2038 428 2102 usque
451 2038 514 2102 quo
537 2014 671 2081 salutem
693 2017 793 2102 Virgo
815 2017 928 2081 mundi
949 2040 989 2103 pe
1014 2021 1082 2100 erit,

218 2123 314 2187 quem
335 2100 509 2198 prophetae
526 2099 759 2198 praedixerunt
778 2110 947 2166 venturum
999 2101 1167 2184 mmanuel

220 2183 405 2248 octodeeem
427 2193 458 2249 et
480 2193 644 2270 qmngentr
664 2187 787 2270 peracti
809 2194 885 2248 sunt
906 2185 1026 2249 circuli.

176 2287 248 2352 Rex
270 2296 396 2350 eternus
418 2285 574 2350 mundum
596 2286 684 2350 venit
703 2296 880 2350 restaurare
902 2286 1061 2370 perditum

219 2373 359 2457 quinque
381 2369 468 2433 milia
490 2369 624 2453 expletis
647 2370 738 2430 annis
760 2391 779 2430 a
800 2369 958 2453 principio

219 2465 346 2519 centum
368 2464 464 2538 atque
486 2451 660 2534 nonaginta
681 2471 797 2513 novem
817 2451 910 2514 hinca
932 2473 990 2536 per
1012 2450 1178 2516 calculum.

165 2555 327 2620 *Glorioso
349 2553 390 2615 ab
412 2551 552 2616 adventu
572 2550 795 2636 Redemptoris
817 2553 959 2616 omnium
1238 2565 1274 2620 ἰ».
1286 2573 1320 2610 14.

218 2636 260 2700 ad
281 2635 367 2699 hunc
389 2656 490 2721 usque
510 2635 615 2720 prima
635 2656 754 2698 annum
775 2635 809 2698 in
852 2659 894 2700 uo
917 2647 965 2702 est
985 2636 1116 2702 indictio

218 2720 409 2805 septingenti
430 2719 597 2804 sexaginta
617 2728 745 2806 tresque
767 2720 826 2783 sim
881 2721 956 2784 anni
978 2731 1061 2786 sunt.

22 2817 25 2878 ὲ
59 2878 62 2884 .
174 2819 249 2887 Alta
269 2843 349 2908 pace
370 2843 456 2886 nune
477 2819 600 2887 exultat
619 2823 730 2970 regio*
751 2822 895 2886 Ausonia

216 2905 386 2970 Desiderio
409 2907 567 2993 simulque
588 2905 660 2971 Ade
674 2905 741 2972 chis
762 2906 969 2991 regnantibus

216 2989 446 3055 florentissimis
469 3000 500 3055 et
521 2991 593 3076 piis,
615 3013 690 3055 cum
710 2989 790 3056 haec
811 2999 962 3055 annotata
983 3001 1064 3055 sunt.

173 3093 393 3178 Principatum
415 3092 592 3157 Beneventi
614 3093 745 3159 ductore
766 3092 938 3156 fortissimo

215 3176 350 3240 Arecbis
371 3186 534 3261 regnante,
556 3176 636 3240 freto
660 3177 798 3262 Superni
819 3174 948 3257 auxilie,

215 3259 400 3345 Adelperga
422 3282 495 3323 cum
516 3259 685 3347 tranquilla
706 3261 805 3346 stirpe
826 3267 918 3323 nata⁰
939 3259 1037 3344 regia.

174 3361 279 3426 Iudex
299 3362 407 3426 veniet
428 3385 583 3447 supernus
605 3361 691 3427 velut
712 3361 818 3446 fulgor
840 3359 985 3442 caelium

217 3444 285 3508 dies
308 3455 356 3509 set
377 3454 431 3509 aut
451 3445 530 3508 hora
551 3445 688 3532 quando,
710 3468 775 3510 non
796 3454 883 3532 patet
904 3441 1100 3508 mortalibus.

214 3527 291 3592 felix
312 3529 381 3610 erit,
404 3551 500 3614 quem
520 3538 666 3614 paratum
686 3529 862 3594 invenerit‘¹
884 3527 1052 3592 Dominus.

173 3627 258 3693 Ante
279 3638 368 3693 tuum
400 3631 483 3694 iuste
504 3630 612 3714 iudex,
634 3630 711 3695 dum
733 3631 853 3697 steterit
874 3630 988 3695 solium

215 3712 351 3776 Arechis
370 3678 531 3799 benignus
554 3714 667 3780 ductor
688 3737 762 3779 eum
783 3713 948 3800 praeclara
968 3715 1114 3802 coniuge,

216 3797 300 3861 dona
321 3797 367 3860 eis
390 3818 462 3862 cum
484 3797 592 3863 electis
614 3797 724 3863 laetari
745 3799 940 3885 perenniter!

194 4015 321 4078 Eodem
341 4012 530 4101 Adelperpu
551 4024 694 4080 mouente
717 4013 843 4078 Paulus
865 4015 1029 4100 grandius
1051 4036 1134 4100 opus
1155 4037 1224 4080 aus-

113 4099 212 4182 eepit,
235 4100 405 4163 historiam
426 4099 651 4164 Romanorum
679 4099 719 4162 ab
741 4099 902 4183 Eretropio
924 4100 1082 4183 scriptam
1105 4121 1225 4185 augen-

114 4294 136 4346 a)
151 4297 206 4337 deest
222 4300 243 4340 1.
304 4295 328 4350 b)
344 4297 372 4340 Α.
389 4310 408 4339 r.
426 4301 446 4340 1.
523 4297 544 4350 c)
561 4299 698 4350 stirpentata
713 4299 778 4348 regio
796 4299 816 4339 1.
892 4295 916 4350 d)
932 4297 1055 4352 invenerit,
1070 4297 1159 4340 steterit
1171 4307 1223 4346 pro·

113 4356 256 4396 acarnanum
271 4359 319 4399 erit.

959 4441 993 4493 1*
