2994 4998
232 429 342 480 PAULI
362 423 536 478 HISTORIA
554 423 890 476 LANGOBARDORUM.
928 422 1000 474 LIB.
1019 423 1051 474 V.
1158 423 1210 473 207

78 595 363 684 perstrepentibus
377 593 511 674 bucinis²
528 600 559 655 et
573 600 684 656 neutra
721 600 788 655 arte
802 589 907 654 locum
924 590 1018 654 dante
1024 600 1047 673 ⁸,
1069 592 1212 655 maxima

81 679 284 767 populorum
316 679 401 742 facta
433 687 481 741 est
514 684 643 761 strages.
735 674 851 738 andem
891 673 1027 737 crudelis
1059 684 1212 759 tyrannus

83 763 206 829 Alahis
233 763 360 843 interiit,
391 770 422 825 et
448 759 652 844 Ounincpert,
682 758 852 823 adiuvante
883 759 939 822 seh
968 758 1119 840 Domino,
1148 759 1213 823 vic-

85 849 210 912 toriam
232 847 326 931 cepit.
369 844 539 908 Exercitus
561 865 688 928 quoque
710 841 830 924 Alahis,
853 852 1005 928 conperta
1019 843 1087 906 eius
1102 851 1214 924 morte,

86 931 127 994 fu
152 953 192 993 ae
216 929 392 993 subsidium
413 929 557 1013 arripuit.
600 927 629 990 E
652 927 767 1025 quibus
790 937 906 1012 quem⁰
927 947 1038 990 mucro
1062 948 1126 990 non
1142 948 1214 1011 per-

88 953 183 1096 culit,
208 1013 349 1077 Adduad
386 1010 502 1076 fluvius
531 1011 699 1075 interemit.
744 1010 850 1097 Caput
880 1033 1006 1157 puoque
1028 1009 1139 1074 Alahis
1161 1008 1214 1073 de-

87 1107 277 1162 truncatum
298 1118 453 1180 cruraque
475 1095 563 1158 eius*
592 1095 717 1158 succisa
739 1104 820 1177 sunt,
848 1095 881 1157 in
896 1106 1065 1180 ormequee
1091 1103 1215 1158 tantum

88 1192 307 1267 truncumque
330 1179 469 1243 cadaver
489 1179 648 1244 remansit.
685 1177 723 1240 ln
737 1178 798 1243 hoc
819 1177 922 1243 bellof
948 1177 1213 1242 Foroiulanorum

90 1265 256 1330 exercitus
288 1265 419 1328 minime
446 1262 522 1344 fuit,
577 1263 648 1343 uia,
682 1284 755 1326 cum
783 1263 901 1326 invitus
930 1262 1041 1327 Alahis
1070 1264 1214 1342 iurasset,

89 1359 226 1435 propter
256 1348 316 1413 hoc
347 1357 430 1412 nect
461 1348 531 1431 regi
591 1349 776 1432 unincperto
809 1369 868 1410 nec
896 1345 1007 1410 Alahis
1040 1344 1216 1411 auxiliumh

91 1432 184 1516 tulit,
223 1433 279 1496 sed
308 1453 381 1495 cum
408 1429 454 1493 illi
481 1429 599 1496 bellum
629 1431 873 1511 commisissent,
908 1431 969 1515 ipsi
998 1430 1039 1496 ad
1069 1430 1215 1516 propriai

93 1527 172 1582 sunt
192 1517 319 1581 reversi.
363 1515 467 1600 Igitur
488 1512 599 1577 Alabis
621 1513 681 1577 hoc
703 1514 798 1578 modo
820 1513 977 1597 defimcto‚
999 1536 1058 1579 rex
1080 1513 1217 1580 Ouninc-

93 1611 169 1688 pert
191 1622 307 1685 corpus
323 1599 467 1663 Senonik
491 1597 618 1662 diaconi
633 1607 706 1662 ante
720 1598 822 1662 foresl
836 1597 986 1664 basilicae
1004 1598 1091 1663 beati
1104 1597 1218 1662 Iohan-

93 1687 157 1768 nis,
180 1697 305 1771 quamm
327 1685 396 1768 ipse
417 1691 569 1762 rexerat‚¹¹
591 1682 724 1746 mirifice
746 1681 898 1768 sepelire⁰
921 1682 1099 1765 mandavit3
1125 1683 1217 1768 ipset

93 1791 173 1834 vero
188 1778 355 1852 regnatort
371 1789 444 1830 cum
460 1766 621 1830 omniumr
636 1765 830 1830 exultatione
846 1776 877 1831 et
890 1766 1050 1853 triumpho
1065 1767 1218 1831 victoriae

93 1854 248 1918 Ticinum
269 1873 414 1916 reversus
436 1860 492 1914 est.

313 1953 556 2030 EXPLICIT
582 1955 736 2030 LIBER
763 1953 999 2046 QUINTUS.

259 2189 506 2254 IEOIPIUETs
529 2188 753 2253 CAPITULA
772 2189 892 2253 LIBRI
915 2189 1058 2254 SEXTI.

122 2294 151 2356 1.
195 2291 364 2372 Quomodo
379 2288 553 2355 Romualdt
575 2289 750 2354 Tarentum
772 2293 867 2376 cepit,
890 2301 921 2355 et
942 2290 1101 2376 quomodo
1117 2291 1220 2356 Theu-

195 2374 326 2439 deratau
348 2373 575 2438 monasterium
599 2375 699 2438 sancti
721 2375 808 2438 Petri
829 2374 1018 2439 aedificavit.

122 2458 152 2523 2.
194 2459 246 2523 De
271 2466 372 2523 morte
394 2455 572 2540 Romualdi,
602 2467 655 2522 etv
685 2458 844 2544 quomodo
874 2479 988 2545 corpus
1014 2459 1099 2524 beati
1120 2458 1220 2523 Bene·

196 2542 275 2608 dicti
296 2542 338 2606 ad
360 2541 481 2606 Gallias
503 2540 642 2606 delatum
665 2551 722 2607 est.

123 2629 130 2650 ⁸
147 2674 154 2691 .
194 2627 246 2690 De
267 2624 434 2690 Rodoaldw
449 2625 530 2692 duce
543 2624 768 2709 Foroiulano¹,
784 2626 868 2691 etde
883 2625 1040 2709 Ansfritv,
1064 2627 1118 2713 qui
1133 2627 1269 2698 eiussa.
1287 2647 1339 2690 ns.

199 2709 348 2776 ducatum
370 2711 496 2775 invasit.

147 2843 153 2858 .
196 2794 248 2858 De
270 2793 382 2858 sinodo
405 2815 487 2880 quae
508 2803 586 2879 aput
600 2792 909 2878 Constantinopolim
931 2793 1015 2859 faeta
1030 2803 1087 2876 est,
1110 2802 1160 2858 et⁸
1182 2793 1221 2859 de

197 2899 215 2942 e
238 2876 331 2942 istola
344 2877 496 2941 Damiani
517 2879 671 2964 episcopi.

147 3008 155 3026 .
233 2983 250 3025 e
272 2961 383 3048 eclipsi
404 2961 498 3026 lunae
521 2975 552 3027 et
573 2961 658 3045 solis,
680 2970 712 3026 ct
733 2961 772 3025 de
793 2960 972 3047 pestilentia
994 2982 1075 3047 quae
1097 2961 1219 3026 Romae

198 3056 230 3111 et
251 3046 377 3110 Ticinib
399 3045 482 3110 facta
504 3055 561 3111 est.

152 3207 176 3277 ⁸)
195 3211 244 3260 Ll
267 3209 357 3262 addit:
376 3209 404 3260 id
425 3215 466 3262 est
485 3210 606 3276 gambas.

107 3353 129 3407 a)
145 3356 244 3396 donante
260 3357 285 3396 Ρ.
303 3355 329 3397 G.
404 3353 428 3408 b)
444 3355 498 3394 deest
515 3354 540 3397 G.
556 3355 585 3397 D.
601 3355 627 3396 Ρ.
644 3355 663 3394 L
680 3356 699 3394 1.
771 3351 793 3405 c)
809 3354 863 3393 deest
885 3354 904 3394 B
922 3356 942 3396 1.
1018 3351 1042 3405 d)
1057 3353 1151 3394 Adduas
1166 3354 1187 3394 A
1203 3355 1223 3396 2.

107 3416 128 3454 D
143 3416 169 3464 23
183 3414 250 3454 Adde
267 3414 287 3455 G
303 3415 323 3455 1.
342 3415 362 3455 1.
380 3414 415 3465 Sa,
431 3425 441 3453 e
457 3426 513 3454 corr.
529 3414 548 3453 Ρ
565 3415 590 3464 1;
606 3413 658 3454 Ada
674 3413 725 3454 at.
786 3409 808 3464 e)
824 3413 970 3462 informeque
986 3411 1007 3452 A
1023 3414 1043 3454 1.
1059 3414 1080 3456 1.
1097 3413 1114 3454 G
1132 3415 1151 3453 1.
1168 3414 1189 3452 D
1201 3415 1222 3454 1.

108 3474 161 3512 Ρ1.
186 3472 207 3512 G
222 3475 243 3514 1.
260 3474 281 3525 2,
304 3473 399 3522 quodie
415 3473 527 3523 archetypo
545 3472 618 3522 subse
640 3473 731 3513 videtur.
816 3473 898 3521 opust
913 3472 984 3522 suppl.
1002 3470 1023 3512 G
1040 3473 1060 3512 1.
1136 3468 1159 3521 g)
1176 3481 1223 3510 non

110 3531 129 3571 G
146 3533 164 3572 1.
183 3532 203 3570 2.
220 3533 257 3573 311.
329 3529 458 3582 11)ο,111111111
474 3530 495 3571 G
511 3534 531 3582 1,
554 3543 610 3572 corr.
629 3531 768 3572 adiutorium
785 3529 806 3570 G
821 3531 842 3572 2.
918 3528 935 3582 1)
952 3531 1070 3581 propriam
1086 3529 1104 3570 G
1120 3525 1155 3580 ⁸13
1171 3541 1222 3580 pro·

109 3590 170 3639 prtas
184 3590 203 3628 Ρ
220 3590 241 3629 1.
314 3587 339 3639 k)
356 3587 460 3630 §annoni
475 3588 496 3629 A
512 3591 533 3631 1.
549 3590 567 3629 Ρ
584 3593 610 3640 1;
626 3588 714 3630 flenoni
730 3601 788 3632 corr.
804 3587 905 3630 Senonts
922 3589 942 3631 G
959 3591 984 3639 83
1001 3589 1087 3630 Senem
1104 3588 1124 3628 G
1139 3590 1166 3638 ⁴3
1183 3587 1222 3630 Se-

111 3647 174 3688 nonls
189 3646 211 3686 A
226 3647 248 3687 8.
264 3647 285 3686 D
303 3649 338 3689 la.
356 3647 376 3688 8.
394 3647 415 3687 G
430 3648 465 3699 31,
481 3647 526 3689 alti.
602 3646 620 3700 l)
636 3648 697 3688 foras
714 3648 732 3689 G
748 3645 779 3688 ¹1.
797 3649 817 3688 1.
893 3645 925 3700 m)
942 3659 988 3697 qua
1004 3647 1025 3689 G
1042 3651 1068 3697 15
1091 3649 1147 3697 qula
1163 3647 1184 3687 G
1201 3649 1222 3687 2.

110 3704 133 3758 n)
149 3708 239 3746 rexerat
253 3716 311 3746 corr.
326 3709 433 3746 erexerat
448 3707 466 3746 A
484 3708 504 3756 1,
520 3711 539 3746 et
554 3707 584 3746 tta
601 3707 619 3748 c
636 3709 656 3746 1.
671 3708 701 3749 D.
716 3709 735 3747 Ρ
752 3709 773 3747 1,
788 3707 807 3746 Ρ
822 3707 844 3748 4.
912 3705 935 3759 ο)
950 3709 983 3746 ita
998 3705 1019 3746 A
1036 3709 1056 3748 1.
1072 3707 1091 3746 Ρ
1109 3709 1134 3756 1;
1149 3707 1224 3756 sepel-

111 3766 148 3806 llrl
162 3766 194 3804 vel
208 3765 305 3814 sepeliri
320 3765 389 3804 cetera
457 3762 482 3814 p)
498 3766 548 3815 lpse
565 3789 591 3796 -
608 3769 642 3806 est
657 3767 699 3807 des.
716 3766 734 3806 G
750 3767 771 3808 2.
840 3764 864 3817 q)
880 3777 979 3816 regnans
994 3765 1015 3806 A
1032 3766 1052 3817 ³,
1069 3777 1079 3805 e
1094 3776 1151 3806 corr.
1167 3765 1186 3804 Ρ
1202 3767 1222 3812 1,

110 3824 145 3864 uti
162 3827 275 3873 'regnator
291 3823 364 3872 stataet
378 3823 462 3862 vidum
478 3829 496 3863 et
508 3829 584 3873 postea
606 3826 727 3864 restitutum
742 3830 783 3874 αις
806 3829 941 3875 regnaturus
956 3825 975 3864 B
991 3825 1013 3867 a.
1083 3821 1103 3875 r)
1119 3824 1223 3864 omnio.

110 3885 137 3924 D.
152 3883 179 3924 E.
194 3884 213 3922 Ρ
229 3882 294 3924 1-4.
311 3881 338 3923 G.
355 3881 374 3923 1.
449 3880 469 3934 s)
485 3883 574 3922 induem
590 3884 689 3924 omittsmt
712 3884 733 3924 A
748 3881 779 3924 ’2.
803 3885 822 3923 Β
840 3885 860 3926 A.
875 3885 894 3924 D
910 3885 932 3926 4.
948 3884 967 3923 Ρ
983 3885 1003 3928 1,
1019 3883 1041 3926 5.
1056 3882 1077 3924 G
1093 3883 1134 3932 5125
1157 3883 1224 3922 atium

111 3942 168 3982 tutet
187 3943 206 3982 Ρ
223 3943 252 3993 2,
282 3941 315 3980 ea
337 3940 454 3990 decuriens:
485 3942 521 3982 De
543 3943 671 3984 Romoaldo
693 3944 911 3984 Beneventanorum
942 3943 1000 3983 duce
1024 3945 1047 3983 et
1070 3943 1222 3992 continens.

110 3999 127 4054 t)
142 4001 254 4041 lewsld
270 3999 291 4040 G
306 4001 319 4040 2
335 4009 509 4050 nonnumquam
532 4001 625 4042 Romalt
639 4003 661 4042 D
678 4004 703 4051 13
726 4001 911 4050 n0m0a1t013
934 4000 1050 4042 Rumusld
1065 4012 1076 4041 c
1090 4013 1148 4041 corr.
1164 4001 1185 4043 G
1201 4003 1222 4042 1.

112 4057 294 4111 ul'l'heoderata
316 4058 337 4098 A
354 4061 374 4111 1,
396 4059 433 4097 sed
447 4059 510 4110 infra
530 4060 631 4110 Theud.;
654 4061 800 4100 Theodorata
817 4061 837 4102 G
854 4062 879 4111 13
895 4061 968 4102 Teud.
984 4059 1001 4100 O
1016 4058 1051 4110 '13
1075 4061 1159 4101 mulier
1174 4062 1223 4101 eius

113 4119 193 4159 admi
211 4121 231 4170 1,
254 4119 292 4168 qut
307 4119 340 4158 tic
356 4128 439 4168 quoque
453 4119 542 4168 saeptos
556 4130 571 4158 a
586 4119 651 4159 Pauli
665 4119 735 4160 vertis
750 4120 833 4160 recedit
908 4117 933 4171 v)
948 4129 1027 4160 novum
1042 4120 1083 4160 tm.
1100 4131 1148 4170 ara.
1164 4120 1186 4160 Η
1203 4122 1223 4162 1.

113 4176 140 4230 w)
152 4178 265 4218 Rcmoald
280 4178 301 4218 A
318 4179 338 4218 1.
353 4178 375 4217 D
391 4173 438 4218 ⁸³2.
454 4179 480 4228 4;
496 4177 602 4218 Romoalt
618 4179 635 4220 (t
653 4181 679 4228 1;
695 4179 793 4218 Romald
808 4179 830 4218 D
847 4180 873 4228 13
888 4178 1016 4219 Romualdo
1032 4179 1053 4219 D
1070 4179 1097 4230 ³3
1120 4177 1224 4218 nodosis

114 4248 190 4282 tcorr.
205 4239 225 4278 B
242 4239 267 4286 13
283 4236 390 4276 Roduald
406 4236 426 4277 A
443 4236 469 4287 83
492 4237 613 4278 Rodoaldo
629 4239 648 4278 Ρ
666 4239 686 4279 1,
704 4237 725 4278 G
742 4239 762 4280 1.
779 4238 799 4278 2.
874 4235 899 4289 x)
915 4238 1107 4279 Foroiulanorum
1122 4239 1142 4278 B
1159 4240 1179 4278 1.
1198 4260 1224 4268 -

114 4299 135 4336 et
150 4317 174 4326 -
189 4297 275 4336 lnvaslt
290 4297 332 4336 des.
349 4295 366 4337 G
383 4295 403 4338 3.
470 4293 493 4348 y)
510 4294 622 4337 Ansefrlti
638 4296 656 4338 G
672 4300 693 4340 1.
709 4297 731 4336 D
748 4297 774 4346 13
797 4295 922 4338 Anselrldo
937 4298 959 4337 D
977 4299 1000 4347 ²3
1016 4298 1112 4338 Ansfrld
1129 4295 1149 4337 G
1166 4298 1186 4337 1.
1203 4296 1225 4347 2,

114 4355 155 4395 ulit.
230 4352 430 4406 s)eumG1.2.
505 4354 528 4406 s)
545 4357 612 4398 etde
629 4367 649 4396 e.
665 4357 696 4397 D.
714 4368 734 4399 e.
750 4355 865 4398 dact.
941 4353 1145 4408 b)'l'lclna0'1,
1166 4366 1225 4394 corr.

115 4414 345 4465 monolinum
360 4414 400 4453 alti
414 4415 689 4464 nunciantur.
