3040 5014
244 424 259 472 2
469 424 577 476 PAULI
594 422 766 474 HISTORIA
785 423 1117 476 LANGOBARDORUM.

244 592 408 674 oliflcavit’,
430 593 487 657 secl
508 591 602 655 ‘nilil
615 591 654 655 tle
667 591 762 655 rebus
777 614 858 676 quas
880 593 1005 677 penitor
1025 615 1105 656 suus
1127 593 1285 656 tabuerat
1304 592 1344 657 ab

245 677 305 755 liis,
328 677 386 759 qui
407 698 461 740 cao
483 677 675 739 invaserant
694 675 796 761 lonpa
815 684 844 740 et
859 677 1020 740 diuturno
1066 678 1248 752 oeceoeione,
1271 698 1344 740 con-

245 762 372 842 quirere
389 761 505 844 potuit'
527 759 746 844 (HistLanp.
761 759 819 838 IV,
834 757 902 840 37).
944 699 1119 824 Familiam
1140 769 1246 824 tamen
1261 760 1347 822 inter

246 849 253 881 ‘
279 844 456 928 raecipuao
476 841 553 906 illac
568 844 761 928 prosapiao'
783 845 849 906 sive
870 843 995 926 ‘farao',
1025 866 1107 927 quae
1130 843 1170 907 ab
1193 842 1345 923 Albuino,

246 866 375 1010 (lisano
397 928 476 990 duce
492 935 627 1010 petente,
648 927 684 990 in
707 927 837 1012 repr'one
852 927 1068 1012 Forojulicnci
1089 950 1154 992 enoc
1175 927 1345 992 collocatae

244 1009 368 1074 Paulae
389 1019 508 1074 narrat
528 1010 590 1093 (II,
605 1009 653 1090 9),
675 1009 878 1092 referendam
899 1032 975 1090 esee,
995 1011 1167 1076 ocrioimile
1188 1019 1263 1074 eot1.

146 1096 235 1150 '1’·¹³·
327 1093 438 1160 'Circo
461 1117 585 1157 annum
606 1102 642 1156 ut
662 1093 788 1157 videtur
809 1092 982 1157 720-725.
1004 1093 1130 1157 Paulus
1144 1103 1273 1175 notuv,
1295 1093 1345 1158 lit·

244 1179 320 1240 teris
341 1180 518 1242 instruetur
540 1187 586 1240 cot
608 1201 629 1240 a
643 1175 840 1256 Flaviano-¹,
863 1199 952 1260 quem
968 1187 1209 1263 praeceptorem
1229 1177 1347 1242 laudat

246 1267 262 1344 (
271 1260 321 1341 VI,
334 1260 370 1342 7)
375 1283 387 1343 ;
397 1261 561 1346 puerulus
573 1263 668 1324 etiam
677 1258 837 1324 Graecam
851 1257 1000 1346 liupuam
1015 1262 1061 1324 ‘in
1077 1260 1203 1324 echolio'
1218 1261 1345 1342 didicit,

243 1347 279 1410 in
295 1368 360 1430 qua
376 1354 481 1409 tamen
503 1368 568 1409 non
588 1343 722 1408 maltum
742 1366 774 1406 ce
791 1344 970 1428 profecisse
992 1345 1061 1428 ipse
1083 1353 1246 1408 testatur&
1285 1345 1346 1408 Ubi

243 1427 399 1493 mactant
421 1427 601 1514 disciplina
622 1450 702 1491 usuc
723 1429 775 1508 sit,
795 1429 970 1507 incertum;
997 1437 1159 1514 patruum
1180 1450 1253 1491 uero
1275 1429 1345 1490 e'us

244 1512 386 1594 Felicem,
409 1514 527 1599 ‘quiin
543 1521 611 1575 arte
632 1513 846 1596 prammatica
891 1513 995 1592 oruit’,
1017 1535 1038 1574 a
1053 1535 1126 1597 repe
1141 1509 1234 1575 ualde
1249 1451 1344 1576 diiec-

245 1606 310 1659 tum
330 1619 405 1684 esse,
428 1619 499 1661 cnm
545 1595 670 1680 roserat
683 1593 820 1676 Paulas,
859 1605 979 1660 ortucoe
994 1595 1047 1658 ille
1062 1617 1185 1680 quoque
1198 1597 1236 1658 in
1250 1596 1345 1681 repio
1427 1643 1431 1650 .

244 1689 390 1743 ocreatus
411 1690 456 1743 eet
477 1620 558 1743 auia
566 1690 589 1742 ⁴.
632 1677 684 1743 Ili
698 1681 793 1742 etiam
837 1678 934 1742 aulus
948 1679 1083 1742 Ratciio
1098 1701 1132 1740 re
1159 1680 1185 1742 is
1207 1687 1345 1779 tempore

244 1769 294 1846 (a.
309 1763 491 1843 744—749)
514 1772 725 1828 commoratus
742 1771 806 1826 est:
827 1765 864 1826 in
886 1762 1026 1848 quodam
1047 1763 1100 1827 aie
1111 1701 1200 1846 sputo
1216 1764 1344 1847 princi-

241 1870 315 1932 pem
338 1847 509 1931 poculum,
539 1847 626 1932 quoi
651 1845 789 1910 Albuini
809 1848 909 1931 jussu
939 1869 978 1908 eoo
1009 1848 1114 1932 capite
1146 1845 1346 1911 Cunimuncli

243 1933 329 2016 repis
353 1929 552 2031 Gepidorum
574 1931 661 1994 caeni
671 1929 803 2014 factum
824 1938 903 2008 erat,
924 1953 1027 1993 monn
1047 1938 1200 1993 tenentem
1221 1939 1250 1991 et
1270 1953 1344 1994 con·

242 2015 325 2078 niuis
347 2037 415 2078 oute
438 2013 650 2078 ostendentem
665 2035 824 2098 praesens
839 2013 921 2076 vidit
935 2013 998 2095 (II,
1010 2012 1078 2093 28).
1120 2013 1233 2076 Pontou
1248 2013 1343 2077 Adel-

241 2120 373 2184 perpae,
388 2098 554 2162 Desiderii
567 2099 654 2182 repis
660 2095 766 2178 filiae,
780 2098 880 2160 unori
895 2096 988 2160 clucie
1002 2097 1145 2176 Amulio,
1162 2098 1219 2181 qui
1233 2097 1345 2202 etipse

244 2205 357 2268 penore
372 2191 442 2246 erat
456 2181 539 2246 Foro
549 2180 700 2260 'alienun
713 2178 951 2264 familiaritate
966 2183 1157 2266 conjunctus
1172 2189 1226 2243 eet.
1262 2181 1345 2265 ltjuo

242 2265 487 2350 studiisfaoitt,
503 2203 552 2328 ai
559 2287 606 2344 ea,
621 2272 657 2326 ut
670 2267 685 2328 i
709 2287 741 2328 se
756 2263 916 2326 calamum
932 2266 1099 2349 arriperet,
1116 2263 1277 2327 adductus
1291 2273 1344 2327 est.

325 2351 443 2413 Enetat
474 2371 602 2412 carmen
636 2371 666 2411 a.
678 2287 758 2410 ’1)63.
788 2349 1012 2432 compositum,
1046 2349 1185 2411 omnium
1215 2369 1297 2431 quae
1324 2369 1345 2410 a

242 2433 346 2498 Paulo
368 2435 492 2519 scripta
514 2433 674 2512 labemus,
697 2441 853 2518 quantum
873 2431 1034 2516 inclapari
1049 2439 1161 2515 potest,
1185 2431 1343 2514 antiquie-

243 2519 366 2598 simam,
389 2513 450 2602 quo
473 2518 511 2580 ole
533 2539 589 2580 een
612 2517 769 2580 aetatibus
787 2517 904 2580 munli
925 2517 1098 2596 disseruit5
1125 2515 1238 2578 litteris
1259 2535 1343 2598 uero,

244 2625 265 2664 a
287 2602 402 2686 quibui
424 2599 574 2685 sinpulae
594 2600 746 2684 strophae
767 2601 941 2682 incipiunt,
974 2597 1153 2684 Adelperga
1179 2597 1233 2683 piu
1254 2597 1342 2661 salu-

241 2691 339 2748 tatur.
385 2681 479 2756 Quod
501 2707 522 2746 a
543 2684 571 2747 l.
589 2707 629 2747 m.
644 2684 752 2746 Knuet
772 2705 811 2748 eoo
833 2682 900 2748 cod.
919 2683 1125 2747 Matritensi⁰
1149 2683 1343 2766 descriptum

243 2769 299 2832 loc
320 2766 387 2832 loco
408 2766 475 2831 luci
496 2767 643 2831 dandnm
665 2767 851 2830 danimuc'.

246 2929 370 2981 timavus
381 2929 491 2996 fluvius,
510 2929 547 2980 acl
564 2945 641 2995 quem
656 2927 770 2978 Paulum
788 2935 880 2976 natum
899 2941 951 2976 ecre
965 2921 1135 2989 Epitaphium
1154 2924 1244 2988 refert,
1264 2923 1344 2973 cauri

241 3003 313 3055 illius
335 3003 438 3054 moenio
456 3003 530 3054 louol
549 3001 643 3069 affluit.
719 2999 746 3066 1)
765 2999 809 3050 An
827 2999 913 3050 stricto
929 3013 1007 3048 centu
1024 2995 1135 3046 nobilem
1146 2994 1283 3061 familiam
1301 2995 1342 3046 eli·

241 3095 295 3140 cac,
314 3093 372 3126 cum
391 3074 497 3126 Dolmio
512 3093 542 3142 p.
556 3077 572 3124 8
586 3092 623 3140 sq.
643 3072 762 3124 dubitari
775 3077 868 3138 potent.
905 3069 1007 3119 Paulus
1032 3069 1065 3119 ele
1082 3069 1174 3132 fratre
1193 3086 1239 3119 ouo
1259 3077 1283 3120 ct
1301 3086 1341 3128 oo·

240 3167 299 3201 rore
311 3147 413 3201 dicens:
433 3140 564 3200 Nobilitas
582 3148 661 3214 periit
679 3148 790 3208 miseris,
810 3145 923 3194 accensit
940 3148 1071 3206 angustas,
1091 3141 1123 3192 dc
1132 3140 1260 3206 familiae
1272 3149 1342 3194 natu

241 3221 377 3274 donrcctico
396 3221 520 3294 copitacnc
538 3219 651 3272 uidetur.
687 3218 804 3270 Hiltrici
827 3233 888 3267 vero
911 3215 1006 3267 verbo:
1032 3215 1136 3264 Eximio
1156 3215 1255 3270 dudum
1276 3216 1342 3265 Bar·

241 3298 333 3348 dorum
352 3302 490 3346 stemmate
509 3296 603 3362 gentis,
622 3310 676 3344 non
696 3291 732 3342 od
750 3299 830 3342 totam
843 3288 1079 3356 Langobardorum
1096 3294 1206 3354 pentem,
1224 3287 1270 3339 ecit
1288 3305 1342 3339 cer·

240 3376 295 3421 tum
313 3369 397 3438 pentir
416 3377 524 3419 memma
541 3365 682 3434 reserenda
702 3380 764 3426 ecee,
784 3379 881 3414 cenoeo.
956 3359 984 3427 2)
1003 3360 1044 3411 De
1064 3368 1175 3425 tempore
1193 3360 1264 3412 citit
1280 3361 1343 3412 certi-

241 3451 355 3504 conetut3
383 3442 429 3492 eccl
453 3440 566 3492 carmine
589 3439 624 3489 nd
648 3437 778 3488 Karolum
801 3435 870 3486 inter
889 3451 914 3485 n.
935 3434 996 3484 781.
1016 3442 1039 3486 et
1059 3433 1120 3483 786.
1138 3432 1234 3500 scripto
1255 3434 1342 3500 (infru

236 3534 266 3582 p.
280 3518 309 3581 9)
331 3514 381 3566 ait:
400 3516 453 3565 inm
467 3519 594 3579 gravante
608 3513 690 3572 nenio,
710 3509 780 3575 quool
793 3505 1036 3574 quinquagenariae
1051 3505 1097 3558 uin
1112 3505 1196 3556 elicere
1204 3507 1340 3573 potuisset.

240 3588 270 3655 3)
296 3589 324 3643 V.
337 3587 412 3654 infra
419 3605 450 3653 p.
464 3587 489 3637 9.
527 3585 567 3635 De
585 3601 635 3649 quo
655 3585 688 3649 cs.
707 3581 740 3632 L.
755 3581 859 3645 Miller,
878 3579 972 3632 Blcin.
986 3580 1108 3630 Muoeum
1120 3578 1229 3644 XXIII,
1237 3597 1267 3645 p.
1279 3583 1340 3631 202.

239 3662 270 3729 4)
289 3658 491 3712 &intuentiam
503 3657 532 3708 in
545 3658 610 3707 nula
623 3673 676 3707 enne
691 3661 822 3722 poterant.
897 3654 925 3716 ὁ)
946 3656 991 3719 qui
1005 3655 1155 3718 elegantiae
1168 3661 1231 3704 tune
1245 3655 1340 3705 studiis

239 3751 343 3800 semper
355 3735 441 3784 titutor
454 3733 538 3782 extiti.
561 3729 647 3794 Epict.
661 3728 698 3779 ael
710 3727 825 3794 Adalp.,·
837 3727 948 3778 ‘studiis'
960 3727 989 3777 in
1002 3725 1113 3778 notitione
1119 3718 1237 3778 Hartelii
1249 3733 1285 3794 (p.
1298 3729 1339 3776 14.

239 3825 266 3860 n.
283 3805 310 3872 1)
334 3807 420 3857 minuc
438 3811 505 3856 recte
523 3801 658 3856 omittitur.
750 3798 778 3867 6)
798 3798 829 3852 A.
842 3801 883 3863 16,
895 3799 923 3867 s.
943 3801 992 3861 5⁸25
1020 3802 1053 3866 cs.
1073 3799 1151 3850 Aron.
1178 3799 1257 3862 VIII,
1279 3799 1339 3849 187.

239 3879 352 3932 Eandem
365 3871 513 3931 Bettmonn
524 3874 553 3926 in
565 3874 621 3926 coit.
634 3871 795 3937 Florentino,
808 3872 911 3924 Strozri
923 3874 965 3935 46,
979 3874 1083 3925 membr.
1099 3874 1123 3934 8,
1137 3873 1208 3924 r.Xl
1216 3873 1243 3935 V,
1249 3874 1274 3937 f
1288 3873 1339 3923 10⁶.

237 3951 345 4014 inuenit,
361 3950 407 4002 nect
419 3949 505 4000 minuc
520 3956 640 3999 accurate
652 3944 768 4012 scriptos.
790 3945 841 4008 Qui
853 3955 998 4012 sequuntur
1009 3963 1100 4000 aereus
1110 3945 1229 3996 ciconnis
1239 3961 1258 3994 α
1265 3944 1339 4009 prin·

238 4024 314 4093 cipio,
325 4042 342 4074 a
355 4023 384 4076 V.
393 4023 428 4076 Ol.
439 4019 516 4074 Bairt
525 4019 655 4086 descripti,
665 4019 746 4070 Pauli
756 4037 809 4070 erse
819 4029 958 4085 nequeunt,
968 4018 1064 4086 quippe
1074 4016 1120 4084 qui
1128 4017 1167 4068 ita
1179 4021 1339 4082 computent:

384 4096 451 4148 Sunt
469 4095 618 4146 octodecim
639 4101 665 4145 et
683 4095 802 4145 sexcenti
820 4110 837 4143 n
855 4095 986 4160 baptismo
1006 4093 1114 4142 Domini

382 4171 452 4221 Anni
470 4185 554 4235 usque
573 4169 607 4218 od
628 4170 766 4220 Scotorum
787 4173 896 4221 mortem
916 4169 986 4231 regin
1005 4163 1139 4216 Domnnli.
1160 4188 1193 4199 -

239 4243 313 4294 Alios
332 4243 445 4312 ejurdcm
463 4240 610 4309 aroumcnti
632 4257 724 4294 cernue
744 4256 761 4290 a
785 4237 957 4304 illceodesrido
982 4236 1133 4302 compositor
1158 4233 1259 4286 eahta
1283 4234 1339 4284 cod.

239 4316 320 4384 Sanc.
340 4317 391 4370 Nr.
411 4317 436 4377 2,
455 4332 477 4366 r.
504 4314 590 4378 VIII,·
615 4332 641 4368 u.
662 4311 787 4365 Scherrcr
807 4312 862 4363 Oct.
876 4329 908 4377 p.
929 4312 954 4361 ἓ.
1035 4307 1063 4375 t)
1083 4306 1271 4374 Apoqraplum
1290 4305 1340 4356 siti

237 4388 418 4444 tranrmictum
435 4405 521 4456 nuper
538 4388 620 4440 Dalm
636 4404 665 4454 p.
687 4388 729 4440 76.
747 4383 863 4452 imprimi
874 4383 949 4450 fecit.
