<?xml version="1.0" encoding="UTF-8"?>
<!DOCTYPE html PUBLIC "-//W3C//DTD XHTML 1.0 Transitional//EN"
    "http://www.w3.org/TR/xhtml1/DTD/xhtml1-transitional.dtd">
<html xmlns="http://www.w3.org/1999/xhtml" xml:lang="en" lang="en">
 <head>
  <title>
</title>
<meta http-equiv="Content-Type" content="text/html;charset=utf-8" />
  <meta name='ocr-system' content='tesseract 3.04.00' />
  <meta name='ocr-capabilities' content='ocr_page ocr_carea ocr_par ocr_line ocrx_word'/>
</head>
<body>
  <div class='ocr_page' id='page_1' title='image "./paulihistoriala00paulgoog_0091.png"; bbox 0 0 3040 5014; ppageno 0'>
   <div class='ocr_carea' id='block_1_1' title="bbox 257 442 1228 498">
    <p class='ocr_par' dir='ltr' id='par_1_1' title="bbox 257 442 1228 498">
     <span class='ocr_line' id='line_1_1' title="bbox 257 442 1228 498; baseline -0.001 -3"><span class='ocrx_word' id='word_1_1' title='bbox 257 445 367 496; x_wconf 83' lang='lat' dir='ltr'>PAULI</span> <span class='ocrx_word' id='word_1_2' title='bbox 385 443 561 497; x_wconf 78' lang='lat' dir='ltr'>HISTORIA</span> <span class='ocrx_word' id='word_1_3' title='bbox 580 442 916 496; x_wconf 74' lang='lat' dir='ltr'><strong>Laudossnabouum</strong></span> <span class='ocrx_word' id='word_1_4' title='bbox 953 443 1024 498; x_wconf 91' lang='lat' dir='ltr'>LIB.</span> <span class='ocrx_word' id='word_1_5' title='bbox 1045 443 1082 496; x_wconf 89' lang='lat' dir='ltr'><strong>ll.</strong></span> <span class='ocrx_word' id='word_1_6' title='bbox 1195 444 1228 494; x_wconf 83' lang='lat'><strong>81</strong></span> 
     </span>
    </p>
   </div>
   <div class='ocr_carea' id='block_1_2' title="bbox 107 608 1327 1532">
    <p class='ocr_par' dir='ltr' id='par_1_2' title="bbox 107 608 1327 1532">
     <span class='ocr_line' id='line_1_2' title="bbox 108 608 1232 697; baseline 0.004 -24"><span class='ocrx_word' id='word_1_7' title='bbox 108 610 207 674; x_wconf 89' lang='lat' dir='ltr'><strong>simas</strong></span> <span class='ocrx_word' id='word_1_8' title='bbox 229 611 430 695; x_wconf 87' lang='lat' dir='ltr'><strong>pervenirent</strong></span> <span class='ocrx_word' id='word_1_9' title='bbox 462 609 599 674; x_wconf 87' lang='lat' dir='ltr'><strong>divitias.</strong></span> <span class='ocrx_word' id='word_1_10' title='bbox 654 608 853 694; x_wconf 84' lang='lat' dir='ltr'><strong>Gepidorum</strong></span> <span class='ocrx_word' id='word_1_11' title='bbox 881 631 957 674; x_wconf 90' lang='lat' dir='ltr'><strong>vero</strong></span> <span class='ocrx_word' id='word_1_12' title='bbox 978 611 1023 675; x_wconf 88' lang='lat' dir='ltr'><strong>ita</strong></span> <span class='ocrx_word' id='word_1_13' title='bbox 1054 633 1155 697; x_wconf 85' lang='lat' dir='ltr'><strong>genus</strong></span> <span class='ocrx_word' id='word_1_14' title='bbox 1183 621 1232 677; x_wconf 87' lang='lat' dir='ltr'><strong>est</strong></span> 
     </span>
     <span class='ocr_line' id='line_1_3' title="bbox 108 692 1229 778; baseline 0.005 -22"><span class='ocrx_word' id='word_1_15' title='bbox 108 693 326 776; x_wconf 91' lang='lat' dir='ltr'><strong>deminutum,</strong></span> <span class='ocrx_word' id='word_1_16' title='bbox 354 703 391 758; x_wconf 91' lang='lat' dir='ltr'><strong>ut</strong></span> <span class='ocrx_word' id='word_1_17' title='bbox 412 703 475 758; x_wconf 77' lang='lat' dir='ltr'><strong>erra</strong></span> <span class='ocrx_word' id='word_1_18' title='bbox 501 692 554 758; x_wconf 92' lang='lat' dir='ltr'><strong>illo</strong></span> <span class='ocrx_word' id='word_1_19' title='bbox 581 695 646 757; x_wconf 91' lang='lat' dir='ltr'><strong>iam</strong></span> <span class='ocrx_word' id='word_1_20' title='bbox 667 703 811 778; x_wconf 90' lang='lat' dir='ltr'><strong>tempore</strong></span> <span class='ocrx_word' id='word_1_21' title='bbox 839 692 922 757; x_wconf 88' lang='lat' dir='ltr'><strong>ultra</strong></span> <span class='ocrx_word' id='word_1_22' title='bbox 950 715 1014 757; x_wconf 93' lang='lat' dir='ltr'><strong>non</strong></span> <span class='ocrx_word' id='word_1_23' title='bbox 1039 693 1229 762; x_wconf 73' lang='lat' dir='ltr'><strong>habuerintb</strong></span> 
     </span>
     <span class='ocr_line' id='line_1_4' title="bbox 112 774 1229 876; baseline 0.002 -36"><span class='ocrx_word' id='word_1_24' title='bbox 112 799 147 841; x_wconf 93' lang='lat' dir='ltr'><strong>re</strong></span> <span class='ocrx_word' id='word_1_25' title='bbox 171 791 251 844; x_wconf 88' lang='lat' dir='ltr'><strong>em1.</strong></span> <span class='ocrx_word' id='word_1_26' title='bbox 286 777 351 842; x_wconf 85' lang='lat' dir='ltr'><strong>Sed</strong></span> <span class='ocrx_word' id='word_1_27' title='bbox 366 778 507 842; x_wconf 91' lang='lat' dir='ltr'><strong>universi</strong></span> <span class='ocrx_word' id='word_1_28' title='bbox 523 779 578 863; x_wconf 92' lang='lat' dir='ltr'><strong>qui</strong></span> <span class='ocrx_word' id='word_1_29' title='bbox 592 798 759 862; x_wconf 82' lang='lat' dir='ltr'><strong>superesse</strong></span> <span class='ocrx_word' id='word_1_30' title='bbox 774 774 872 841; x_wconf 81' lang='lat' dir='ltr'><strong>bello⁰</strong></span> <span class='ocrx_word' id='word_1_31' title='bbox 888 787 1035 876; x_wconf 87' lang='lat' dir='ltr'><strong>poterant</strong></span> <span class='ocrx_word' id='word_1_32' title='bbox 1048 779 1125 843; x_wconf 84' lang='lat' dir='ltr'><strong>autd</strong></span> <span class='ocrx_word' id='word_1_33' title='bbox 1147 779 1229 842; x_wconf 86' lang='lat' dir='ltr'><strong>Lan·</strong></span> 
     </span>
     <span class='ocr_line' id='line_1_5' title="bbox 107 799 1327 959; baseline 0.002 -35"><span class='ocrx_word' id='word_1_34' title='bbox 107 799 260 944; x_wconf 69' lang='lat' dir='ltr'><strong>gobardis</strong></span> <span class='ocrx_word' id='word_1_35' title='bbox 291 861 427 925; x_wconf 88' lang='lat' dir='ltr'><strong>subiecti</strong></span> <span class='ocrx_word' id='word_1_36' title='bbox 461 871 544 942; x_wconf 91' lang='lat' dir='ltr'><strong>sunt,</strong></span> <span class='ocrx_word' id='word_1_37' title='bbox 571 870 641 924; x_wconf 78' lang='lat' dir='ltr'><strong>aur</strong></span> <span class='ocrx_word' id='word_1_38' title='bbox 675 882 777 959; x_wconf 77' lang='lat' dir='ltr'><strong>usque</strong></span> <span class='ocrx_word' id='word_1_39' title='bbox 801 859 925 942; x_wconf 83' lang='lat' dir='ltr'><strong>*hod1e,</strong></span> <span class='ocrx_word' id='word_1_40' title='bbox 958 861 1085 926; x_wconf 89' lang='lat' dir='ltr'><strong>Hunnis</strong></span> <span class='ocrx_word' id='word_1_41' title='bbox 1117 885 1229 927; x_wconf 90' lang='lat' dir='ltr'><strong>eorum</strong></span> <span class='ocrx_word' id='word_1_42' title='bbox 1242 879 1275 935; x_wconf 70' lang='lat' dir='ltr'><strong>&#39;a</strong></span> <span class='ocrx_word' id='word_1_43' title='bbox 1292 883 1327 926; x_wconf 84' lang='grc' dir='ltr'>ιι.</span> 
     </span>
     <span class='ocr_line' id='line_1_6' title="bbox 107 943 1231 1029; baseline 0.002 -21"><span class='ocrx_word' id='word_1_44' title='bbox 107 945 246 1029; x_wconf 83' lang='lat' dir='ltr'><strong>patriam</strong></span> <span class='ocrx_word' id='word_1_45' title='bbox 261 943 507 1029; x_wconf 83' lang='lat' dir='ltr'><strong>possidentibus,</strong></span> <span class='ocrx_word' id='word_1_46' title='bbox 531 943 611 1009; x_wconf 91' lang='lat' dir='ltr'><strong>duro</strong></span> <span class='ocrx_word' id='word_1_47' title='bbox 626 946 760 1028; x_wconf 88' lang='lat' dir='ltr'><strong>impeno</strong></span> <span class='ocrx_word' id='word_1_48' title='bbox 776 943 913 1008; x_wconf 85' lang='lat' dir='ltr'><strong>subiecti</strong></span> <span class='ocrx_word' id='word_1_49' title='bbox 927 953 1069 1029; x_wconf 85' lang='lat' dir='ltr'><strong>gemunt.</strong></span> <span class='ocrx_word' id='word_1_50' title='bbox 1114 945 1231 1010; x_wconf 88' lang='lat' dir='ltr'><strong>Alboin</strong></span> 
     </span>
     <span class='ocr_line' id='line_1_7' title="bbox 108 1026 1232 1114; baseline 0.004 -23"><span class='ocrx_word' id='word_1_51' title='bbox 108 1048 187 1091; x_wconf 88' lang='lat' dir='ltr'><strong>vero</strong></span> <span class='ocrx_word' id='word_1_52' title='bbox 209 1029 255 1092; x_wconf 87' lang='lat' dir='ltr'><strong>ita</strong></span> <span class='ocrx_word' id='word_1_53' title='bbox 276 1027 476 1112; x_wconf 85' lang='lat' dir='ltr'><strong>praeclarum</strong></span> <span class='ocrx_word' id='word_1_54' title='bbox 496 1027 590 1113; x_wconf 86' lang='lat' dir='ltr'><strong>longe</strong></span> <span class='ocrx_word' id='word_1_55' title='bbox 604 1026 732 1114; x_wconf 88' lang='lat' dir='ltr'><strong>lateque</strong></span> <span class='ocrx_word' id='word_1_56' title='bbox 746 1049 863 1092; x_wconf 90' lang='lat' dir='ltr'><strong>nomen</strong></span> <span class='ocrx_word' id='word_1_57' title='bbox 877 1027 1068 1113; x_wconf 80' lang='lat' dir='ltr'><strong>percrebuit,</strong></span> <span class='ocrx_word' id='word_1_58' title='bbox 1100 1039 1137 1094; x_wconf 90' lang='lat' dir='ltr'><strong>ut</strong></span> <span class='ocrx_word' id='word_1_59' title='bbox 1157 1030 1232 1095; x_wconf 92' lang='lat' dir='ltr'><strong>hac·</strong></span> 
     </span>
     <span class='ocr_line' id='line_1_8' title="bbox 109 1111 1231 1237; baseline 0.002 -63"><span class='ocrx_word' id='word_1_60' title='bbox 109 1121 206 1175; x_wconf 87' lang='lat' dir='ltr'><strong>tenus</strong></span> <span class='ocrx_word' id='word_1_61' title='bbox 222 1112 318 1175; x_wconf 87' lang='lat' dir='ltr'><strong>etiam</strong></span> <span class='ocrx_word' id='word_1_62' title='bbox 337 1121 403 1175; x_wconf 85' lang='lat' dir='ltr'><strong>tam</strong></span> <span class='ocrx_word' id='word_1_63' title='bbox 423 1121 502 1197; x_wconf 87' lang='lat' dir='ltr'><strong>aput</strong></span> <span class='ocrx_word' id='word_1_64' title='bbox 515 1111 754 1176; x_wconf 75' lang='lat' dir='ltr'><strong>Baioariorumr</strong></span> <span class='ocrx_word' id='word_1_65' title='bbox 780 1121 908 1196; x_wconf 85' lang='lat' dir='ltr'><strong>gentem</strong></span> <span class='ocrx_word' id='word_1_66' title='bbox 938 1134 1099 1237; x_wconf 63' lang='lat' dir='ltr'><strong>apuamque</strong></span> <span class='ocrx_word' id='word_1_67' title='bbox 1122 1123 1153 1177; x_wconf 92' lang='lat' dir='ltr'><strong>et</strong></span> <span class='ocrx_word' id='word_1_68' title='bbox 1174 1113 1231 1179; x_wconf 85' lang='lat' dir='ltr'><strong>Sa-</strong></span> 
     </span>
     <span class='ocr_line' id='line_1_9' title="bbox 109 1193 1231 1280; baseline 0.005 -23"><span class='ocrx_word' id='word_1_69' title='bbox 109 1216 233 1258; x_wconf 86' lang='lat' dir='ltr'><strong>xonum</strong></span> <span class='ocrx_word' id='word_1_70' title='bbox 242 1205 265 1276; x_wconf 71' lang='lat'><strong>8,</strong></span> <span class='ocrx_word' id='word_1_71' title='bbox 281 1194 338 1260; x_wconf 90' lang='lat' dir='ltr'><strong>sed</strong></span> <span class='ocrx_word' id='word_1_72' title='bbox 358 1204 389 1260; x_wconf 91' lang='lat' dir='ltr'><strong>et</strong></span> <span class='ocrx_word' id='word_1_73' title='bbox 402 1195 480 1262; x_wconf 92' lang='lat' dir='ltr'><strong>alios</strong></span> <span class='ocrx_word' id='word_1_74' title='bbox 495 1195 639 1259; x_wconf 89' lang='lat' dir='ltr'><strong>eiusdem</strong></span> <span class='ocrx_word' id='word_1_75' title='bbox 653 1193 780 1280; x_wconf 82' lang='lat' dir='ltr'><strong>linguae</strong></span> <span class='ocrx_word' id='word_1_76' title='bbox 795 1194 939 1259; x_wconf 90' lang='lat' dir='ltr'><strong>homines</strong></span> <span class='ocrx_word' id='word_1_77' title='bbox 979 1197 1045 1260; x_wconf 87' lang='lat' dir='ltr'><strong>eius</strong></span> <span class='ocrx_word' id='word_1_78' title='bbox 1059 1195 1231 1262; x_wconf 84' lang='lat' dir='ltr'><strong>liberalitas</strong></span> 
     </span>
     <span class='ocr_line' id='line_1_10' title="bbox 109 1277 1231 1365; baseline 0.003 -22"><span class='ocrx_word' id='word_1_79' title='bbox 109 1288 142 1343; x_wconf 88' lang='lat' dir='ltr'><strong>et</strong></span> <span class='ocrx_word' id='word_1_80' title='bbox 163 1277 265 1364; x_wconf 85' lang='lat' dir='ltr'><strong>gloria</strong></span> <span class='ocrx_word' id='word_1_81' title='bbox 279 1277 498 1365; x_wconf 91' lang='lat' dir='ltr'><strong>bellorumque</strong></span> <span class='ocrx_word' id='word_1_82' title='bbox 512 1278 645 1344; x_wconf 80' lang='lat' dir='ltr'><strong>felicitas</strong></span> <span class='ocrx_word' id='word_1_83' title='bbox 667 1288 699 1344; x_wconf 92' lang='lat' dir='ltr'><strong>et</strong></span> <span class='ocrx_word' id='word_1_84' title='bbox 712 1281 813 1343; x_wconf 89' lang='lat' dir='ltr'><strong>virtus</strong></span> <span class='ocrx_word' id='word_1_85' title='bbox 835 1279 884 1342; x_wconf 86' lang='lat' dir='ltr'><strong>ini</strong></span> <span class='ocrx_word' id='word_1_86' title='bbox 914 1299 1023 1342; x_wconf 91' lang='lat' dir='ltr'><strong>eorum</strong></span> <span class='ocrx_word' id='word_1_87' title='bbox 1038 1279 1231 1346; x_wconf 87' lang='lat' dir='ltr'><strong>carminibus</strong></span> 
     </span>
     <span class='ocr_line' id='line_1_11' title="bbox 108 1359 1231 1450; baseline 0.004 -26"><span class='ocrx_word' id='word_1_88' title='bbox 108 1359 321 1426; x_wconf 57' lang='lat' dir='ltr'><strong>celebretur).</strong></span> <span class='ocrx_word' id='word_1_89' title='bbox 353 1361 453 1426; x_wconf 88' lang='lat' dir='ltr'><strong>Arma</strong></span> <span class='ocrx_word' id='word_1_90' title='bbox 468 1383 595 1449; x_wconf 91' lang='lat' dir='ltr'><strong>quoque</strong></span> <span class='ocrx_word' id='word_1_91' title='bbox 609 1363 783 1448; x_wconf 86' lang='lat' dir='ltr'><strong>praecipua</strong></span> <span class='ocrx_word' id='word_1_92' title='bbox 798 1360 857 1426; x_wconf 93' lang='lat' dir='ltr'><strong>sub</strong></span> <span class='ocrx_word' id='word_1_93' title='bbox 873 1382 911 1427; x_wconf 93' lang='lat' dir='ltr'><strong>eo</strong></span> <span class='ocrx_word' id='word_1_94' title='bbox 932 1361 1086 1428; x_wconf 86' lang='lat' dir='ltr'><strong>fabricata</strong></span> <span class='ocrx_word' id='word_1_95' title='bbox 1106 1363 1203 1429; x_wconf 87' lang='lat' dir='ltr'><strong>fuisse</strong></span> <span class='ocrx_word' id='word_1_96' title='bbox 1212 1365 1231 1450; x_wconf 85' lang='lat'><strong>¹,</strong></span> 
     </span>
     <span class='ocr_line' id='line_1_12' title="bbox 107 1445 649 1532; baseline 0.004 -24"><span class='ocrx_word' id='word_1_97' title='bbox 107 1467 128 1508; x_wconf 92' lang='lat' dir='ltr'><strong>a</strong></span> <span class='ocrx_word' id='word_1_98' title='bbox 150 1445 258 1510; x_wconf 90' lang='lat' dir='ltr'><strong>multis</strong></span> <span class='ocrx_word' id='word_1_99' title='bbox 280 1445 445 1532; x_wconf 88' lang='lat' dir='ltr'><strong>hucusque</strong></span> <span class='ocrx_word' id='word_1_100' title='bbox 466 1455 649 1510; x_wconf 70' lang='lat' dir='ltr'><strong>narraturm.</strong></span> 
     </span>
    </p>
   </div>
   <div class='ocr_carea' id='block_1_3' title="bbox 235 1531 1101 1796">
    <p class='ocr_par' dir='ltr' id='par_1_3' title="bbox 235 1531 1101 1796">
     <span class='ocr_line' id='line_1_13' title="bbox 327 1531 1002 1630; baseline 0 -24"><span class='ocrx_word' id='word_1_101' title='bbox 327 1532 596 1608; x_wconf 76' lang='lat' dir='ltr'><strong>EXPLICITn</strong></span> <span class='ocrx_word' id='word_1_102' title='bbox 621 1533 776 1607; x_wconf 86' lang='lat' dir='ltr'>LIBER</span> <span class='ocrx_word' id='word_1_103' title='bbox 800 1531 1002 1630; x_wconf 84' lang='lat' dir='ltr'><strong>PRIMUS.</strong></span> 
     </span>
     <span class='ocr_line' id='line_1_14' title="bbox 235 1728 1101 1796; baseline 0.001 -1"><span class='ocrx_word' id='word_1_104' title='bbox 235 1729 482 1796; x_wconf 69' lang='grc' dir='ltr'><strong>ΙΝΟΙΡΠΙΝΤ0</strong></span> <span class='ocrx_word' id='word_1_105' title='bbox 506 1728 730 1796; x_wconf 79' lang='lat' dir='ltr'><strong>CAPITULA</strong></span> <span class='ocrx_word' id='word_1_106' title='bbox 751 1730 872 1794; x_wconf 86' lang='lat' dir='ltr'>LIBRI</span> <span class='ocrx_word' id='word_1_107' title='bbox 894 1728 1101 1796; x_wconf 78' lang='lat' dir='ltr'>SECUNDI.</span> 
     </span>
    </p>
   </div>
   <div class='ocr_carea' id='block_1_4' title="bbox 129 1849 1228 2020">
    <p class='ocr_par' dir='ltr' id='par_1_4' title="bbox 129 1849 1228 2020">
     <span class='ocr_line' id='line_1_15' title="bbox 129 1849 1228 1935; baseline 0.003 -22"><span class='ocrx_word' id='word_1_108' title='bbox 129 1853 157 1914; x_wconf 92' lang='lat'><strong>1.</strong></span> <span class='ocrx_word' id='word_1_109' title='bbox 202 1851 371 1931; x_wconf 79' lang='lat' dir='ltr'><strong>Quomodo</strong></span> <span class='ocrx_word' id='word_1_110' title='bbox 396 1849 603 1935; x_wconf 86' lang='lat' dir='ltr'><strong>Langobardi</strong></span> <span class='ocrx_word' id='word_1_111' title='bbox 631 1850 781 1916; x_wconf 89' lang='lat' dir='ltr'><strong>conducti</strong></span> <span class='ocrx_word' id='word_1_112' title='bbox 812 1873 832 1914; x_wconf 94' lang='lat' dir='ltr'><strong>a</strong></span> <span class='ocrx_word' id='word_1_113' title='bbox 856 1851 990 1915; x_wconf 86' lang='lat' dir='ltr'><strong>Narsete</strong></span> <span class='ocrx_word' id='word_1_114' title='bbox 1015 1849 1228 1916; x_wconf 76' lang='lat' dir='ltr'><strong>chauolarior</strong></span> 
     </span>
     <span class='ocr_line' id='line_1_16' title="bbox 201 1933 1004 2020; baseline -0.001 -21"><span class='ocrx_word' id='word_1_115' title='bbox 201 1934 305 1999; x_wconf 91' lang='lat' dir='ltr'><strong>eidem</strong></span> <span class='ocrx_word' id='word_1_116' title='bbox 321 1943 431 1998; x_wconf 86' lang='lat' dir='ltr'><strong>contra</strong></span> <span class='ocrx_word' id='word_1_117' title='bbox 446 1933 569 1999; x_wconf 82' lang='lat' dir='ltr'><strong>Gothos</strong></span> <span class='ocrx_word' id='word_1_118' title='bbox 591 1934 747 1999; x_wconf 85' lang='lat' dir='ltr'><strong>auxilium</strong></span> <span class='ocrx_word' id='word_1_119' title='bbox 769 1937 1004 2020; x_wconf 88' lang='lat' dir='ltr'><strong>praestiterunt.</strong></span> 
     </span>
    </p>
   </div>
   <div class='ocr_carea' id='block_1_5' title="bbox 63 2094 1229 4320">
    <p class='ocr_par' dir='ltr' id='par_1_5' title="bbox 63 2094 1229 4320">
     <span class='ocr_line' id='line_1_17' title="bbox 105 2094 1224 2150; baseline 0.005 -15"><span class='ocrx_word' id='word_1_120' title='bbox 105 2094 129 2146; x_wconf 84' lang='lat' dir='ltr'><strong>a)</strong></span> <span class='ocrx_word' id='word_1_121' title='bbox 153 2095 208 2135; x_wconf 79' lang='lat' dir='ltr'><strong>deest</strong></span> <span class='ocrx_word' id='word_1_122' title='bbox 233 2095 281 2137; x_wconf 90' lang='lat' dir='ltr'><strong>Gl</strong></span> <span class='ocrx_word' id='word_1_123' title='bbox 306 2096 363 2150; x_wconf 80' lang='lat' dir='ltr'><strong>(post</strong></span> <span class='ocrx_word' id='word_1_124' title='bbox 386 2096 453 2150; x_wconf 83' lang='lat' dir='ltr'><strong>add.)</strong></span> <span class='ocrx_word' id='word_1_125' title='bbox 478 2098 497 2138; x_wconf 87' lang='grc'>2.</span> <span class='ocrx_word' id='word_1_126' title='bbox 515 2098 535 2138; x_wconf 88' lang='grc'>2.</span> <span class='ocrx_word' id='word_1_127' title='bbox 552 2099 573 2140; x_wconf 91' lang='lat'>4.</span> <span class='ocrx_word' id='word_1_128' title='bbox 648 2095 672 2149; x_wconf 93' lang='grc'><strong>2)</strong></span> <span class='ocrx_word' id='word_1_129' title='bbox 695 2098 802 2138; x_wconf 85' lang='lat' dir='ltr'><strong>habuerit</strong></span> <span class='ocrx_word' id='word_1_130' title='bbox 826 2095 966 2146; x_wconf 69' lang='grc'>(1124)</span> <span class='ocrx_word' id='word_1_131' title='bbox 990 2097 1103 2138; x_wconf 84' lang='lat' dir='ltr'><strong>haberent</strong></span> <span class='ocrx_word' id='word_1_132' title='bbox 1125 2099 1147 2138; x_wconf 93' lang='lat' dir='ltr'>D</span> <span class='ocrx_word' id='word_1_133' title='bbox 1165 2099 1185 2140; x_wconf 86' lang='grc'>2.</span> <span class='ocrx_word' id='word_1_134' title='bbox 1203 2099 1224 2142; x_wconf 88' lang='grc'>2.</span> 
     </span>
     <span class='ocr_line' id='line_1_18' title="bbox 106 2153 1227 2207; baseline 0.004 -13"><span class='ocrx_word' id='word_1_135' title='bbox 106 2154 129 2205; x_wconf 93' lang='lat' dir='ltr'><strong>c)</strong></span> <span class='ocrx_word' id='word_1_136' title='bbox 143 2155 199 2194; x_wconf 75' lang='lat' dir='ltr'><strong>decet</strong></span> <span class='ocrx_word' id='word_1_137' title='bbox 214 2156 233 2196; x_wconf 91' lang='lat' dir='ltr'>B</span> <span class='ocrx_word' id='word_1_138' title='bbox 251 2157 270 2197; x_wconf 89' lang='grc'>1.</span> <span class='ocrx_word' id='word_1_139' title='bbox 331 2155 354 2207; x_wconf 84' lang='lat' dir='ltr'><strong>d)</strong></span> <span class='ocrx_word' id='word_1_140' title='bbox 371 2157 401 2196; x_wconf 84' lang='lat' dir='ltr'><strong>ad</strong></span> <span class='ocrx_word' id='word_1_141' title='bbox 417 2168 474 2197; x_wconf 81' lang='lat' dir='ltr'><strong>corr.</strong></span> <span class='ocrx_word' id='word_1_142' title='bbox 492 2157 563 2196; x_wconf 87' lang='lat' dir='ltr'><strong>autF</strong></span> <span class='ocrx_word' id='word_1_143' title='bbox 581 2159 606 2205; x_wconf 77' lang='lat'><strong>13</strong></span> <span class='ocrx_word' id='word_1_144' title='bbox 623 2168 643 2197; x_wconf 90' lang='lat' dir='ltr'><strong>a.</strong></span> <span class='ocrx_word' id='word_1_145' title='bbox 659 2157 677 2196; x_wconf 92' lang='lat' dir='ltr'><strong>F</strong></span> <span class='ocrx_word' id='word_1_146' title='bbox 693 2153 725 2198; x_wconf 76' lang='grc'>’2,</span> <span class='ocrx_word' id='word_1_147' title='bbox 741 2157 762 2196; x_wconf 91' lang='grc'><strong>4.</strong></span> <span class='ocrx_word' id='word_1_148' title='bbox 780 2156 801 2198; x_wconf 98' lang='lat' dir='ltr'><strong>G</strong></span> <span class='ocrx_word' id='word_1_149' title='bbox 817 2155 886 2204; x_wconf 85' lang='lat'>1-4;</span> <span class='ocrx_word' id='word_1_150' title='bbox 902 2156 957 2194; x_wconf 82' lang='lat' dir='ltr'><strong>deest</strong></span> <span class='ocrx_word' id='word_1_151' title='bbox 972 2157 1020 2197; x_wconf 80' lang='lat' dir='ltr'><strong>Fb.</strong></span> <span class='ocrx_word' id='word_1_152' title='bbox 1038 2155 1059 2197; x_wconf 85' lang='lat' dir='ltr'><strong>G</strong></span> <span class='ocrx_word' id='word_1_153' title='bbox 1075 2157 1142 2200; x_wconf 75' lang='lat' dir='ltr'><strong>bah.</strong></span> <span class='ocrx_word' id='word_1_154' title='bbox 1156 2159 1227 2202; x_wconf 72' lang='lat' dir='ltr'><strong>alit.</strong></span> 
     </span>
     <span class='ocr_line' id='line_1_19' title="bbox 106 2210 1229 2267; baseline 0.003 -13"><span class='ocrx_word' id='word_1_155' title='bbox 106 2210 129 2263; x_wconf 89' lang='lat' dir='ltr'><strong>e)</strong></span> <span class='ocrx_word' id='word_1_156' title='bbox 147 2218 170 2254; x_wconf 86' lang='lat' dir='ltr'><strong>et</strong></span> <span class='ocrx_word' id='word_1_157' title='bbox 186 2213 213 2255; x_wconf 85' lang='lat' dir='ltr'><strong>G.</strong></span> <span class='ocrx_word' id='word_1_158' title='bbox 273 2211 473 2266; x_wconf 66' lang='lat' dir='ltr'><strong>OBavoariorum</strong></span> <span class='ocrx_word' id='word_1_159' title='bbox 490 2215 510 2254; x_wconf 98' lang='lat' dir='ltr'>A</span> <span class='ocrx_word' id='word_1_160' title='bbox 526 2213 561 2264; x_wconf 79' lang='lat'><strong>&#39;33</strong></span> <span class='ocrx_word' id='word_1_161' title='bbox 576 2215 740 2255; x_wconf 88' lang='lat' dir='ltr'><strong>Baiuariorum</strong></span> <span class='ocrx_word' id='word_1_162' title='bbox 755 2215 1007 2263; x_wconf 75' lang='lat' dir='ltr'><strong>1¹13Baiuvartorum</strong></span> <span class='ocrx_word' id='word_1_163' title='bbox 1024 2213 1041 2254; x_wconf 83' lang='grc'>(1</span> <span class='ocrx_word' id='word_1_164' title='bbox 1057 2211 1088 2256; x_wconf 81' lang='lat'><strong>⁸1.</strong></span> <span class='ocrx_word' id='word_1_165' title='bbox 1107 2216 1128 2257; x_wconf 88' lang='lat' dir='ltr'><strong>G</strong></span> <span class='ocrx_word' id='word_1_166' title='bbox 1143 2217 1167 2256; x_wconf 82' lang='lat' dir='ltr'><strong>ia</strong></span> <span class='ocrx_word' id='word_1_167' title='bbox 1179 2217 1229 2267; x_wconf 75' lang='lat' dir='ltr'><strong>prt-</strong></span> 
     </span>
     <span class='ocr_line' id='line_1_20' title="bbox 106 2272 1228 2327; baseline 0.004 -16"><span class='ocrx_word' id='word_1_168' title='bbox 106 2273 182 2311; x_wconf 79' lang='lat' dir='ltr'><strong>oribus</strong></span> <span class='ocrx_word' id='word_1_169' title='bbox 197 2273 259 2312; x_wconf 78' lang='lat' dir='ltr'><strong>librie</strong></span> <span class='ocrx_word' id='word_1_170' title='bbox 273 2279 404 2316; x_wconf 72' lang='lat' dir='ltr'><strong>constanter.</strong></span> <span class='ocrx_word' id='word_1_171' title='bbox 472 2272 496 2324; x_wconf 77' lang='lat' dir='ltr'><strong>g)</strong></span> <span class='ocrx_word' id='word_1_172' title='bbox 513 2273 627 2314; x_wconf 76' lang='lat' dir='ltr'><strong>saxorum</strong></span> <span class='ocrx_word' id='word_1_173' title='bbox 641 2273 662 2312; x_wconf 98' lang='lat' dir='ltr'><strong>A</strong></span> <span class='ocrx_word' id='word_1_174' title='bbox 680 2276 700 2314; x_wconf 90' lang='lat'><strong>1.</strong></span> <span class='ocrx_word' id='word_1_175' title='bbox 717 2274 741 2322; x_wconf 84' lang='grc'><strong>2;</strong></span> <span class='ocrx_word' id='word_1_176' title='bbox 761 2273 907 2314; x_wconf 79' lang='lat' dir='ltr'><strong>saxonorum</strong></span> <span class='ocrx_word' id='word_1_177' title='bbox 922 2273 940 2310; x_wconf 91' lang='lat' dir='ltr'><strong>F</strong></span> <span class='ocrx_word' id='word_1_178' title='bbox 958 2275 977 2311; x_wconf 93' lang='lat'><strong>1.</strong></span> <span class='ocrx_word' id='word_1_179' title='bbox 994 2272 1014 2313; x_wconf 91' lang='lat' dir='ltr'><strong>G</strong></span> <span class='ocrx_word' id='word_1_180' title='bbox 1030 2275 1050 2312; x_wconf 87' lang='lat'><strong>1.</strong></span> <span class='ocrx_word' id='word_1_181' title='bbox 1066 2274 1087 2316; x_wconf 92' lang='grc'>2.</span> <span class='ocrx_word' id='word_1_182' title='bbox 1148 2274 1173 2327; x_wconf 85' lang='grc'><strong>2)</strong></span> <span class='ocrx_word' id='word_1_183' title='bbox 1189 2277 1228 2316; x_wconf 90' lang='lat' dir='ltr'><strong>ho·</strong></span> 
     </span>
     <span class='ocr_line' id='line_1_21' title="bbox 105 2329 1227 2383; baseline 0.005 -14"><span class='ocrx_word' id='word_1_184' title='bbox 105 2331 177 2370; x_wconf 88' lang='lat' dir='ltr'><strong>minis</strong></span> <span class='ocrx_word' id='word_1_185' title='bbox 193 2332 210 2370; x_wconf 90' lang='lat' dir='ltr'><strong>F</strong></span> <span class='ocrx_word' id='word_1_186' title='bbox 228 2333 248 2372; x_wconf 92' lang='lat'><strong>1.</strong></span> <span class='ocrx_word' id='word_1_187' title='bbox 266 2331 286 2372; x_wconf 89' lang='lat' dir='ltr'><strong>G</strong></span> <span class='ocrx_word' id='word_1_188' title='bbox 303 2334 322 2372; x_wconf 91' lang='lat'><strong>1.</strong></span> <span class='ocrx_word' id='word_1_189' title='bbox 389 2331 406 2383; x_wconf 96' lang='lat' dir='ltr'><strong>i)</strong></span> <span class='ocrx_word' id='word_1_190' title='bbox 423 2333 478 2372; x_wconf 79' lang='lat' dir='ltr'><strong>decet</strong></span> <span class='ocrx_word' id='word_1_191' title='bbox 493 2333 512 2372; x_wconf 92' lang='lat' dir='ltr'>B</span> <span class='ocrx_word' id='word_1_192' title='bbox 530 2333 550 2373; x_wconf 90' lang='grc'>2.</span> <span class='ocrx_word' id='word_1_193' title='bbox 611 2330 636 2383; x_wconf 86' lang='lat' dir='ltr'><strong>k)</strong></span> <span class='ocrx_word' id='word_1_194' title='bbox 653 2332 753 2372; x_wconf 84' lang='lat' dir='ltr'><strong>celebret</strong></span> <span class='ocrx_word' id='word_1_195' title='bbox 772 2333 790 2370; x_wconf 89' lang='lat' dir='ltr'><strong>F</strong></span> <span class='ocrx_word' id='word_1_196' title='bbox 809 2333 828 2369; x_wconf 94' lang='lat'><strong>1.</strong></span> <span class='ocrx_word' id='word_1_197' title='bbox 846 2329 867 2371; x_wconf 91' lang='lat' dir='ltr'><strong>G</strong></span> <span class='ocrx_word' id='word_1_198' title='bbox 884 2332 903 2372; x_wconf 88' lang='lat'><strong>1.</strong></span> <span class='ocrx_word' id='word_1_199' title='bbox 963 2329 981 2381; x_wconf 95' lang='lat' dir='ltr'><strong>l)</strong></span> <span class='ocrx_word' id='word_1_200' title='bbox 998 2332 1080 2372; x_wconf 81' lang='lat' dir='ltr'><strong>fuisset</strong></span> <span class='ocrx_word' id='word_1_201' title='bbox 1094 2334 1113 2371; x_wconf 90' lang='lat' dir='ltr'><strong>F</strong></span> <span class='ocrx_word' id='word_1_202' title='bbox 1130 2335 1150 2374; x_wconf 90' lang='lat'><strong>1.</strong></span> <span class='ocrx_word' id='word_1_203' title='bbox 1168 2333 1189 2374; x_wconf 91' lang='lat' dir='ltr'><strong>G</strong></span> <span class='ocrx_word' id='word_1_204' title='bbox 1206 2337 1227 2376; x_wconf 84' lang='lat'><strong>1.</strong></span> 
     </span>
     <span class='ocr_line' id='line_1_22' title="bbox 104 2387 1228 2441; baseline 0.004 -14"><span class='ocrx_word' id='word_1_205' title='bbox 104 2387 137 2439; x_wconf 88' lang='lat' dir='ltr'><strong>m)</strong></span> <span class='ocrx_word' id='word_1_206' title='bbox 155 2394 279 2430; x_wconf 84' lang='lat' dir='ltr'><strong>narrantur</strong></span> <span class='ocrx_word' id='word_1_207' title='bbox 294 2391 311 2430; x_wconf 85' lang='grc'>0</span> <span class='ocrx_word' id='word_1_208' title='bbox 329 2391 349 2431; x_wconf 92' lang='grc'>1,</span> <span class='ocrx_word' id='word_1_209' title='bbox 365 2391 383 2430; x_wconf 89' lang='lat' dir='ltr'><strong>F</strong></span> <span class='ocrx_word' id='word_1_210' title='bbox 400 2393 420 2433; x_wconf 93' lang='grc'>2.</span> <span class='ocrx_word' id='word_1_211' title='bbox 438 2391 459 2431; x_wconf 87' lang='lat' dir='ltr'><strong>G</strong></span> <span class='ocrx_word' id='word_1_212' title='bbox 475 2390 509 2432; x_wconf 85' lang='lat' dir='ltr'><strong>bc.</strong></span> <span class='ocrx_word' id='word_1_213' title='bbox 570 2388 595 2441; x_wconf 93' lang='lat' dir='ltr'><strong>n)</strong></span> <span class='ocrx_word' id='word_1_214' title='bbox 609 2391 725 2430; x_wconf 81' lang='lat' dir='ltr'><strong>Historiae</strong></span> <span class='ocrx_word' id='word_1_215' title='bbox 746 2389 850 2437; x_wconf 71' lang='lat' dir='ltr'><strong>Langon.</strong></span> <span class='ocrx_word' id='word_1_216' title='bbox 874 2387 1051 2438; x_wconf 81' lang='lat' dir='ltr'><strong>exp1.Ae.s;</strong></span> <span class='ocrx_word' id='word_1_217' title='bbox 1073 2392 1109 2430; x_wconf 92' lang='lat' dir='ltr'><strong>De</strong></span> <span class='ocrx_word' id='word_1_218' title='bbox 1131 2391 1228 2432; x_wconf 87' lang='lat' dir='ltr'><strong>historia</strong></span> 
     </span>
     <span class='ocr_line' id='line_1_23' title="bbox 105 2447 1227 2502; baseline 0.004 -16"><span class='ocrx_word' id='word_1_219' title='bbox 105 2447 180 2496; x_wconf 70' lang='lat' dir='ltr'><strong>Lacr.</strong></span> <span class='ocrx_word' id='word_1_220' title='bbox 198 2449 260 2498; x_wconf 85' lang='lat' dir='ltr'><strong>expl.</strong></span> <span class='ocrx_word' id='word_1_221' title='bbox 276 2448 329 2498; x_wconf 72' lang='grc'>112)</span> <span class='ocrx_word' id='word_1_222' title='bbox 345 2449 360 2488; x_wconf 93' lang='grc'>1.</span> <span class='ocrx_word' id='word_1_223' title='bbox 377 2450 472 2499; x_wconf 85' lang='lat' dir='ltr'><strong>primus,</strong></span> <span class='ocrx_word' id='word_1_224' title='bbox 485 2449 602 2498; x_wconf 77' lang='lat' dir='ltr'><strong>pertarid.</strong></span> <span class='ocrx_word' id='word_1_225' title='bbox 618 2450 700 2488; x_wconf 84' lang='lat' dir='ltr'><strong>istoria</strong></span> <span class='ocrx_word' id='word_1_226' title='bbox 715 2448 819 2496; x_wconf 72' lang='lat' dir='ltr'><strong>Langob.</strong></span> <span class='ocrx_word' id='word_1_227' title='bbox 835 2448 856 2486; x_wconf 89' lang='lat' dir='ltr'>D</span> <span class='ocrx_word' id='word_1_228' title='bbox 874 2448 898 2495; x_wconf 75' lang='grc'>1)</span> <span class='ocrx_word' id='word_1_229' title='bbox 914 2447 978 2486; x_wconf 88' lang='lat' dir='ltr'><strong>Finit</strong></span> <span class='ocrx_word' id='word_1_230' title='bbox 993 2447 1052 2488; x_wconf 88' lang='lat' dir='ltr'><strong>liber</strong></span> <span class='ocrx_word' id='word_1_231' title='bbox 1066 2450 1154 2498; x_wconf 85' lang='lat' dir='ltr'><strong>primus</strong></span> <span class='ocrx_word' id='word_1_232' title='bbox 1170 2451 1227 2502; x_wconf 74' lang='grc' dir='ltr'>Β2ς</span> 
     </span>
     <span class='ocr_line' id='line_1_24' title="bbox 105 2505 1227 2559; baseline 0.004 -14"><span class='ocrx_word' id='word_1_233' title='bbox 105 2507 157 2545; x_wconf 80' lang='lat' dir='ltr'><strong>iaec</strong></span> <span class='ocrx_word' id='word_1_234' title='bbox 173 2508 271 2546; x_wconf 77' lang='lat' dir='ltr'><strong>omittunt</strong></span> <span class='ocrx_word' id='word_1_235' title='bbox 286 2508 334 2547; x_wconf 86' lang='lat' dir='ltr'><strong>Fl.</strong></span> <span class='ocrx_word' id='word_1_236' title='bbox 345 2506 395 2548; x_wconf 73' lang='lat' dir='ltr'><strong>aa.</strong></span> <span class='ocrx_word' id='word_1_237' title='bbox 405 2509 426 2559; x_wconf 86' lang='lat'><strong>4,</strong></span> <span class='ocrx_word' id='word_1_238' title='bbox 443 2508 487 2549; x_wconf 85' lang='lat' dir='ltr'><strong>ulii.</strong></span> <span class='ocrx_word' id='word_1_239' title='bbox 534 2506 557 2558; x_wconf 94' lang='lat' dir='ltr'><strong>o)</strong></span> <span class='ocrx_word' id='word_1_240' title='bbox 574 2508 660 2556; x_wconf 83' lang='lat' dir='ltr'><strong>Incipit</strong></span> <span class='ocrx_word' id='word_1_241' title='bbox 675 2507 703 2547; x_wconf 88' lang='lat' dir='ltr'><strong>de</strong></span> <span class='ocrx_word' id='word_1_242' title='bbox 719 2507 817 2546; x_wconf 87' lang='lat' dir='ltr'><strong>historia</strong></span> <span class='ocrx_word' id='word_1_243' title='bbox 833 2505 958 2555; x_wconf 88' lang='lat' dir='ltr'><strong>capitulal.</strong></span> <span class='ocrx_word' id='word_1_244' title='bbox 968 2505 1050 2556; x_wconf 84' lang='grc' dir='ltr'>ι,Α2;</span> <span class='ocrx_word' id='word_1_245' title='bbox 1068 2508 1194 2558; x_wconf 88' lang='lat' dir='ltr'><strong>capituliD</strong></span> <span class='ocrx_word' id='word_1_246' title='bbox 1207 2511 1227 2550; x_wconf 90' lang='lat'><strong>1.</strong></span> 
     </span>
     <span class='ocr_line' id='line_1_25' title="bbox 107 2562 1226 2613; baseline 0.004 -10"><span class='ocrx_word' id='word_1_247' title='bbox 107 2564 200 2604; x_wconf 78' lang='lat' dir='ltr'><strong>Iudicem</strong></span> <span class='ocrx_word' id='word_1_248' title='bbox 223 2567 322 2604; x_wconf 77' lang='lat' dir='ltr'><strong>omittam</strong></span> <span class='ocrx_word' id='word_1_249' title='bbox 337 2565 357 2604; x_wconf 88' lang='lat' dir='ltr'>A</span> <span class='ocrx_word' id='word_1_250' title='bbox 373 2562 404 2607; x_wconf 76' lang='grc'><strong>’2.</strong></span> <span class='ocrx_word' id='word_1_251' title='bbox 422 2567 443 2606; x_wconf 84' lang='grc'>6.</span> <span class='ocrx_word' id='word_1_252' title='bbox 460 2567 479 2605; x_wconf 86' lang='grc' dir='ltr'>Β</span> <span class='ocrx_word' id='word_1_253' title='bbox 496 2567 530 2605; x_wconf 75' lang='lat' dir='ltr'><strong>ia.</strong></span> <span class='ocrx_word' id='word_1_254' title='bbox 554 2567 573 2605; x_wconf 82' lang='lat' dir='ltr'><strong>E</strong></span> <span class='ocrx_word' id='word_1_255' title='bbox 588 2567 610 2606; x_wconf 94' lang='lat'>4.</span> <span class='ocrx_word' id='word_1_256' title='bbox 626 2566 652 2607; x_wconf 77' lang='lat' dir='ltr'><strong>F.</strong></span> <span class='ocrx_word' id='word_1_257' title='bbox 671 2565 811 2613; x_wconf 70' lang='grc'>(15212)</span> <span class='ocrx_word' id='word_1_258' title='bbox 828 2565 907 2604; x_wconf 79' lang='lat' dir='ltr'><strong>codices</strong></span> <span class='ocrx_word' id='word_1_259' title='bbox 924 2563 942 2605; x_wconf 83' lang='lat' dir='ltr'><strong>G</strong></span> <span class='ocrx_word' id='word_1_260' title='bbox 962 2565 981 2604; x_wconf 90' lang='lat'><strong>1.</strong></span> <span class='ocrx_word' id='word_1_261' title='bbox 999 2565 1020 2604; x_wconf 88' lang='grc'>2.</span> <span class='ocrx_word' id='word_1_262' title='bbox 1037 2565 1057 2604; x_wconf 84' lang='grc'>2.</span> <span class='ocrx_word' id='word_1_263' title='bbox 1074 2566 1095 2605; x_wconf 86' lang='grc'><strong>4.</strong></span> <span class='ocrx_word' id='word_1_264' title='bbox 1113 2563 1144 2609; x_wconf 74' lang='lat' dir='ltr'><strong>‘d</strong></span> <span class='ocrx_word' id='word_1_265' title='bbox 1161 2567 1226 2611; x_wconf 70' lang='lat' dir='ltr'><strong>bae.</strong></span> 
     </span>
     <span class='ocr_line' id='line_1_26' title="bbox 63 2622 1227 2675; baseline 0.005 -14"><span class='ocrx_word' id='word_1_266' title='bbox 63 2635 65 2640; x_wconf 95' lang='lat'>·</span> <span class='ocrx_word' id='word_1_267' title='bbox 106 2623 138 2662; x_wconf 84' lang='lat' dir='ltr'><strong>ita</strong></span> <span class='ocrx_word' id='word_1_268' title='bbox 155 2623 261 2662; x_wconf 67' lang='lat' dir='ltr'><strong>exhiberet:</strong></span> <span class='ocrx_word' id='word_1_269' title='bbox 279 2625 299 2664; x_wconf 85' lang='lat'><strong>1.</strong></span> <span class='ocrx_word' id='word_1_270' title='bbox 316 2625 351 2663; x_wconf 87' lang='lat' dir='ltr'><strong>De</strong></span> <span class='ocrx_word' id='word_1_271' title='bbox 368 2635 395 2665; x_wconf 91' lang='lat' dir='ltr'><strong>eo</strong></span> <span class='ocrx_word' id='word_1_272' title='bbox 412 2625 473 2673; x_wconf 86' lang='lat' dir='ltr'><strong>quod</strong></span> <span class='ocrx_word' id='word_1_273' title='bbox 488 2625 573 2664; x_wconf 84' lang='lat' dir='ltr'><strong>Narses</strong></span> <span class='ocrx_word' id='word_1_274' title='bbox 588 2625 700 2674; x_wconf 89' lang='lat' dir='ltr'><strong>patricius</strong></span> <span class='ocrx_word' id='word_1_275' title='bbox 716 2625 806 2672; x_wconf 78' lang='lat' dir='ltr'><strong>legatos</strong></span> <span class='ocrx_word' id='word_1_276' title='bbox 815 2624 845 2663; x_wconf 87' lang='lat' dir='ltr'><strong>ad</strong></span> <span class='ocrx_word' id='word_1_277' title='bbox 866 2622 954 2662; x_wconf 89' lang='lat' dir='ltr'><strong>Albnln</strong></span> <span class='ocrx_word' id='word_1_278' title='bbox 970 2623 1056 2675; x_wconf 68' lang='lat' dir='ltr'><strong>dirigit,</strong></span> <span class='ocrx_word' id='word_1_279' title='bbox 1073 2629 1187 2674; x_wconf 86' lang='lat' dir='ltr'><strong>quatenus</strong></span> <span class='ocrx_word' id='word_1_280' title='bbox 1203 2628 1227 2667; x_wconf 88' lang='lat' dir='ltr'><strong>ei</strong></span> 
     </span>
     <span class='ocr_line' id='line_1_27' title="bbox 104 2681 1225 2734; baseline 0.006 -14"><span class='ocrx_word' id='word_1_281' title='bbox 104 2685 262 2730; x_wconf 78' lang='lat' dir='ltr'><strong>pugnaturum</strong></span> <span class='ocrx_word' id='word_1_282' title='bbox 278 2681 343 2734; x_wconf 89' lang='lat' dir='ltr'><strong>(-ro</strong></span> <span class='ocrx_word' id='word_1_283' title='bbox 359 2681 381 2734; x_wconf 93' lang='grc'><strong>2)</strong></span> <span class='ocrx_word' id='word_1_284' title='bbox 398 2693 450 2722; x_wconf 86' lang='lat' dir='ltr'><strong>eum</strong></span> <span class='ocrx_word' id='word_1_285' title='bbox 466 2683 547 2724; x_wconf 83' lang='lat' dir='ltr'><strong>Gothis</strong></span> <span class='ocrx_word' id='word_1_286' title='bbox 562 2684 677 2723; x_wconf 82' lang='lat' dir='ltr'><strong>auxilium</strong></span> <span class='ocrx_word' id='word_1_287' title='bbox 693 2684 847 2731; x_wconf 58' lang='lat' dir='ltr'><strong>ministraren</strong></span> <span class='ocrx_word' id='word_1_288' title='bbox 869 2681 936 2722; x_wconf 79' lang='lat' dir='ltr'><strong>etde</strong></span> <span class='ocrx_word' id='word_1_289' title='bbox 959 2687 1032 2722; x_wconf 84' lang='lat' dir='ltr'><strong>morte</strong></span> <span class='ocrx_word' id='word_1_290' title='bbox 1048 2683 1140 2726; x_wconf 84' lang='lat' dir='ltr'><strong>Fotilae</strong></span> <span class='ocrx_word' id='word_1_291' title='bbox 1156 2686 1225 2734; x_wconf 68' lang='lat' dir='ltr'><strong>regis.</strong></span> 
     </span>
     <span class='ocr_line' id='line_1_28' title="bbox 105 2739 1226 2794; baseline 0.004 -14"><span class='ocrx_word' id='word_1_292' title='bbox 105 2741 126 2781; x_wconf 89' lang='grc'>2.</span> <span class='ocrx_word' id='word_1_293' title='bbox 144 2741 180 2780; x_wconf 91' lang='lat' dir='ltr'><strong>De</strong></span> <span class='ocrx_word' id='word_1_294' title='bbox 196 2751 224 2780; x_wconf 87' lang='lat' dir='ltr'><strong>eo</strong></span> <span class='ocrx_word' id='word_1_295' title='bbox 240 2741 301 2790; x_wconf 86' lang='lat' dir='ltr'><strong>quod</strong></span> <span class='ocrx_word' id='word_1_296' title='bbox 316 2742 459 2782; x_wconf 89' lang='lat' dir='ltr'><strong>Buccillinus</strong></span> <span class='ocrx_word' id='word_1_297' title='bbox 475 2745 497 2781; x_wconf 88' lang='lat' dir='ltr'><strong>et</strong></span> <span class='ocrx_word' id='word_1_298' title='bbox 512 2740 626 2790; x_wconf 73' lang='lat' dir='ltr'><strong>Amingns</strong></span> <span class='ocrx_word' id='word_1_299' title='bbox 648 2741 751 2794; x_wconf 72' lang='lat' dir='ltr'><strong>(Fmiugi</strong></span> <span class='ocrx_word' id='word_1_300' title='bbox 768 2743 792 2790; x_wconf 87' lang='lat'><strong>1;</strong></span> <span class='ocrx_word' id='word_1_301' title='bbox 820 2741 944 2788; x_wconf 68' lang='lat' dir='ltr'><strong>Remmius</strong></span> <span class='ocrx_word' id='word_1_302' title='bbox 959 2739 981 2792; x_wconf 87' lang='grc'><strong>2)</strong></span> <span class='ocrx_word' id='word_1_303' title='bbox 998 2742 1140 2782; x_wconf 73' lang='lat' dir='ltr'><strong>Francorum</strong></span> <span class='ocrx_word' id='word_1_304' title='bbox 1156 2744 1226 2785; x_wconf 81' lang='lat' dir='ltr'><strong>duces</strong></span> 
     </span>
     <span class='ocr_line' id='line_1_29' title="bbox 104 2799 1225 2852; baseline 0.004 -14"><span class='ocrx_word' id='word_1_305' title='bbox 104 2809 119 2838; x_wconf 83' lang='lat' dir='ltr'><strong>a</strong></span> <span class='ocrx_word' id='word_1_306' title='bbox 135 2799 231 2840; x_wconf 81' lang='lat' dir='ltr'><strong>Narrate</strong></span> <span class='ocrx_word' id='word_1_307' title='bbox 248 2799 352 2852; x_wconf 84' lang='lat' dir='ltr'><strong>(Nerseie</strong></span> <span class='ocrx_word' id='word_1_308' title='bbox 369 2799 391 2851; x_wconf 85' lang='grc'><strong>2)</strong></span> <span class='ocrx_word' id='word_1_309' title='bbox 415 2802 525 2852; x_wconf 88' lang='lat' dir='ltr'><strong>superati,</strong></span> <span class='ocrx_word' id='word_1_310' title='bbox 549 2802 644 2841; x_wconf 79' lang='lat' dir='ltr'><strong>extincti</strong></span> <span class='ocrx_word' id='word_1_311' title='bbox 660 2804 721 2842; x_wconf 85' lang='lat' dir='ltr'><strong>sunt.</strong></span> <span class='ocrx_word' id='word_1_312' title='bbox 760 2801 782 2840; x_wconf 85' lang='lat'><strong>6.</strong></span> <span class='ocrx_word' id='word_1_313' title='bbox 799 2800 844 2839; x_wconf 86' lang='lat' dir='ltr'><strong>Hic</strong></span> <span class='ocrx_word' id='word_1_314' title='bbox 859 2800 950 2852; x_wconf 87' lang='lat' dir='ltr'><strong>Narses,</strong></span> <span class='ocrx_word' id='word_1_315' title='bbox 972 2805 1080 2850; x_wconf 82' lang='lat' dir='ltr'><strong>superato</strong></span> <span class='ocrx_word' id='word_1_316' title='bbox 1097 2801 1225 2844; x_wconf 78' lang='lat' dir='ltr'><strong>sindualdc</strong></span> 
     </span>
     <span class='ocr_line' id='line_1_30' title="bbox 106 2856 1227 2912; baseline 0.004 -14"><span class='ocrx_word' id='word_1_317' title='bbox 106 2858 143 2911; x_wconf 86' lang='lat'><strong>(—</strong></span> <span class='ocrx_word' id='word_1_318' title='bbox 160 2859 235 2898; x_wconf 86' lang='lat' dir='ltr'><strong>waldo</strong></span> <span class='ocrx_word' id='word_1_319' title='bbox 251 2856 272 2908; x_wconf 96' lang='grc'><strong>2)</strong></span> <span class='ocrx_word' id='word_1_320' title='bbox 289 2869 351 2910; x_wconf 72' lang='lat' dir='ltr'><strong>rege,</strong></span> <span class='ocrx_word' id='word_1_321' title='bbox 368 2859 431 2900; x_wconf 90' lang='lat' dir='ltr'><strong>celsa</strong></span> <span class='ocrx_word' id='word_1_322' title='bbox 446 2869 498 2899; x_wconf 89' lang='lat' dir='ltr'><strong>eum</strong></span> <span class='ocrx_word' id='word_1_323' title='bbox 515 2860 543 2902; x_wconf 88' lang='lat' dir='ltr'><strong>de</strong></span> <span class='ocrx_word' id='word_1_324' title='bbox 564 2859 628 2912; x_wconf 82' lang='lat' dir='ltr'><strong>(deest</strong></span> <span class='ocrx_word' id='word_1_325' title='bbox 645 2860 665 2900; x_wconf 90' lang='grc'>2.</span> <span class='ocrx_word' id='word_1_326' title='bbox 682 2858 705 2910; x_wconf 88' lang='lat'><strong>4)</strong></span> <span class='ocrx_word' id='word_1_327' title='bbox 721 2860 785 2900; x_wconf 86' lang='lat' dir='ltr'><strong>trabe</strong></span> <span class='ocrx_word' id='word_1_328' title='bbox 801 2859 928 2908; x_wconf 83' lang='lat' dir='ltr'><strong>suspendii.</strong></span> <span class='ocrx_word' id='word_1_329' title='bbox 964 2859 986 2900; x_wconf 91' lang='lat'>4.</span> <span class='ocrx_word' id='word_1_330' title='bbox 1003 2860 1038 2901; x_wconf 89' lang='lat' dir='ltr'><strong>Da</strong></span> <span class='ocrx_word' id='word_1_331' title='bbox 1054 2861 1128 2909; x_wconf 76' lang='lat' dir='ltr'><strong>siguis</strong></span> <span class='ocrx_word' id='word_1_332' title='bbox 1144 2865 1227 2902; x_wconf 87' lang='lat' dir='ltr'><strong>morta·</strong></span> 
     </span>
     <span class='ocr_line' id='line_1_31' title="bbox 104 2917 1225 2968; baseline 0.005 -12"><span class='ocrx_word' id='word_1_333' title='bbox 104 2917 176 2956; x_wconf 87' lang='lat' dir='ltr'><strong>litatis</strong></span> <span class='ocrx_word' id='word_1_334' title='bbox 193 2918 218 2956; x_wconf 90' lang='lat' dir='ltr'><strong>in</strong></span> <span class='ocrx_word' id='word_1_335' title='bbox 233 2918 310 2968; x_wconf 85' lang='lat' dir='ltr'><strong>Italia,</strong></span> <span class='ocrx_word' id='word_1_336' title='bbox 327 2921 349 2958; x_wconf 91' lang='lat' dir='ltr'><strong>et</strong></span> <span class='ocrx_word' id='word_1_337' title='bbox 365 2918 393 2960; x_wconf 88' lang='lat' dir='ltr'><strong>de</strong></span> <span class='ocrx_word' id='word_1_338' title='bbox 410 2922 481 2958; x_wconf 88' lang='lat' dir='ltr'><strong>morte</strong></span> <span class='ocrx_word' id='word_1_339' title='bbox 497 2919 621 2958; x_wconf 83' lang='lat' dir='ltr'><strong>Iustiniani</strong></span> <span class='ocrx_word' id='word_1_340' title='bbox 644 2919 775 2967; x_wconf 72' lang='lat' dir='ltr'><strong>angustiat</strong></span> <span class='ocrx_word' id='word_1_341' title='bbox 796 2919 894 2968; x_wconf 90' lang='lat' dir='ltr'><strong>imperio</strong></span> <span class='ocrx_word' id='word_1_342' title='bbox 914 2918 1006 2959; x_wconf 85' lang='lat' dir='ltr'><strong>Iustini.</strong></span> <span class='ocrx_word' id='word_1_343' title='bbox 1043 2920 1064 2960; x_wconf 82' lang='lat' dir='ltr'><strong>b.</strong></span> <span class='ocrx_word' id='word_1_344' title='bbox 1082 2920 1117 2960; x_wconf 89' lang='lat' dir='ltr'><strong>De</strong></span> <span class='ocrx_word' id='word_1_345' title='bbox 1132 2930 1225 2962; x_wconf 83' lang='lat' dir='ltr'><strong>accusa·</strong></span> 
     </span>
     <span class='ocr_line' id='line_1_32' title="bbox 104 2975 1224 3030; baseline 0.005 -16"><span class='ocrx_word' id='word_1_346' title='bbox 104 2976 174 3026; x_wconf 87' lang='lat' dir='ltr'><strong>tione,</strong></span> <span class='ocrx_word' id='word_1_347' title='bbox 205 2986 251 3024; x_wconf 89' lang='lat' dir='ltr'><strong>qua</strong></span> <span class='ocrx_word' id='word_1_348' title='bbox 272 2976 371 3016; x_wconf 85' lang='lat' dir='ltr'><strong>Romani</strong></span> <span class='ocrx_word' id='word_1_349' title='bbox 398 2977 519 3018; x_wconf 85' lang='lat' dir='ltr'><strong>Narsetem</strong></span> <span class='ocrx_word' id='word_1_350' title='bbox 543 2979 630 3018; x_wconf 86' lang='lat' dir='ltr'><strong>Iustino</strong></span> <span class='ocrx_word' id='word_1_351' title='bbox 653 2981 675 3017; x_wconf 83' lang='lat' dir='ltr'><strong>et</strong></span> <span class='ocrx_word' id='word_1_352' title='bbox 696 2978 746 3016; x_wconf 88' lang='lat' dir='ltr'><strong>eius</strong></span> <span class='ocrx_word' id='word_1_353' title='bbox 768 2978 861 3025; x_wconf 71' lang='lat' dir='ltr'><strong>coniugi</strong></span> <span class='ocrx_word' id='word_1_354' title='bbox 885 2975 987 3026; x_wconf 84' lang='lat' dir='ltr'><strong>Sophiae</strong></span> <span class='ocrx_word' id='word_1_355' title='bbox 1008 2977 1126 3030; x_wconf 86' lang='lat' dir='ltr'><strong>iecerunt,</strong></span> <span class='ocrx_word' id='word_1_356' title='bbox 1148 2978 1171 3019; x_wconf 85' lang='lat' dir='ltr'><strong>et</strong></span> <span class='ocrx_word' id='word_1_357' title='bbox 1195 2981 1224 3020; x_wconf 87' lang='lat' dir='ltr'><strong>de</strong></span> 
     </span>
     <span class='ocr_line' id='line_1_33' title="bbox 102 3033 1223 3086; baseline 0.004 -13"><span class='ocrx_word' id='word_1_358' title='bbox 102 3033 262 3082; x_wconf 75' lang='lat' dir='ltr'><strong>Langobardis</strong></span> <span class='ocrx_word' id='word_1_359' title='bbox 284 3035 313 3074; x_wconf 88' lang='lat' dir='ltr'><strong>ad</strong></span> <span class='ocrx_word' id='word_1_360' title='bbox 334 3036 427 3075; x_wconf 88' lang='lat' dir='ltr'><strong>italiam</strong></span> <span class='ocrx_word' id='word_1_361' title='bbox 448 3037 559 3079; x_wconf 82' lang='lat' dir='ltr'><strong>invitatis.</strong></span> <span class='ocrx_word' id='word_1_362' title='bbox 595 3038 615 3078; x_wconf 88' lang='lat'><strong>6.</strong></span> <span class='ocrx_word' id='word_1_363' title='bbox 631 3037 667 3076; x_wconf 82' lang='lat' dir='ltr'><strong>De</strong></span> <span class='ocrx_word' id='word_1_364' title='bbox 682 3046 710 3077; x_wconf 90' lang='lat' dir='ltr'><strong>eo</strong></span> <span class='ocrx_word' id='word_1_365' title='bbox 734 3037 795 3085; x_wconf 85' lang='lat' dir='ltr'><strong>quod</strong></span> <span class='ocrx_word' id='word_1_366' title='bbox 816 3035 903 3076; x_wconf 87' lang='lat' dir='ltr'><strong>Albnin</strong></span> <span class='ocrx_word' id='word_1_367' title='bbox 918 3035 1011 3076; x_wconf 84' lang='lat' dir='ltr'><strong>Italiam</strong></span> <span class='ocrx_word' id='word_1_368' title='bbox 1032 3037 1178 3086; x_wconf 84' lang='lat' dir='ltr'><strong>proiecturus</strong></span> <span class='ocrx_word' id='word_1_369' title='bbox 1193 3039 1223 3078; x_wconf 83' lang='lat' dir='ltr'><strong>ab</strong></span> 
     </span>
     <span class='ocr_line' id='line_1_34' title="bbox 103 3093 1222 3149; baseline 0.005 -18"><span class='ocrx_word' id='word_1_370' title='bbox 103 3094 184 3132; x_wconf 86' lang='lat' dir='ltr'><strong>amieis</strong></span> <span class='ocrx_word' id='word_1_371' title='bbox 207 3095 256 3133; x_wconf 90' lang='lat' dir='ltr'><strong>suis</strong></span> <span class='ocrx_word' id='word_1_372' title='bbox 276 3095 360 3134; x_wconf 86' lang='lat' dir='ltr'><strong>vetulis</strong></span> <span class='ocrx_word' id='word_1_373' title='bbox 376 3093 507 3134; x_wconf 82' lang='lat' dir='ltr'><strong>Saxonibus</strong></span> <span class='ocrx_word' id='word_1_374' title='bbox 527 3096 639 3136; x_wconf 86' lang='lat' dir='ltr'><strong>auxilium</strong></span> <span class='ocrx_word' id='word_1_375' title='bbox 658 3096 723 3145; x_wconf 85' lang='lat' dir='ltr'><strong>petit,</strong></span> <span class='ocrx_word' id='word_1_376' title='bbox 743 3105 795 3135; x_wconf 89' lang='lat' dir='ltr'><strong>cum</strong></span> <span class='ocrx_word' id='word_1_377' title='bbox 811 3105 857 3143; x_wconf 87' lang='lat' dir='ltr'><strong>quo</strong></span> <span class='ocrx_word' id='word_1_378' title='bbox 873 3097 896 3134; x_wconf 85' lang='lat' dir='ltr'><strong>et</strong></span> <span class='ocrx_word' id='word_1_379' title='bbox 910 3095 963 3144; x_wconf 89' lang='lat' dir='ltr'><strong>plus</strong></span> <span class='ocrx_word' id='word_1_380' title='bbox 979 3105 1048 3143; x_wconf 88' lang='lat' dir='ltr'><strong>quarn</strong></span> <span class='ocrx_word' id='word_1_381' title='bbox 1064 3094 1143 3148; x_wconf 84' lang='lat' dir='ltr'><strong>(qnam</strong></span> <span class='ocrx_word' id='word_1_382' title='bbox 1159 3100 1182 3136; x_wconf 90' lang='lat' dir='ltr'><strong>et</strong></span> <span class='ocrx_word' id='word_1_383' title='bbox 1199 3095 1222 3149; x_wconf 91' lang='grc'><strong>2)</strong></span> 
     </span>
     <span class='ocr_line' id='line_1_35' title="bbox 102 3153 1223 3203; baseline 0.003 -10"><span class='ocrx_word' id='word_1_384' title='bbox 102 3155 186 3202; x_wconf 74' lang='lat' dir='ltr'><strong>viginti</strong></span> <span class='ocrx_word' id='word_1_385' title='bbox 202 3153 267 3192; x_wconf 88' lang='lat' dir='ltr'><strong>milia</strong></span> <span class='ocrx_word' id='word_1_386' title='bbox 281 3157 401 3194; x_wconf 88' lang='lat' dir='ltr'><strong>venerunt.</strong></span> <span class='ocrx_word' id='word_1_387' title='bbox 434 3155 453 3194; x_wconf 77' lang='lat' dir='ltr'><strong>t.</strong></span> <span class='ocrx_word' id='word_1_388' title='bbox 471 3155 515 3193; x_wconf 88' lang='lat' dir='ltr'><strong>Hic</strong></span> <span class='ocrx_word' id='word_1_389' title='bbox 536 3155 617 3194; x_wconf 81' lang='lat' dir='ltr'><strong>relicta</strong></span> <span class='ocrx_word' id='word_1_390' title='bbox 632 3155 780 3203; x_wconf 74' lang='lat' dir='ltr'><strong>Langobardi</strong></span> <span class='ocrx_word' id='word_1_391' title='bbox 795 3154 902 3194; x_wconf 75' lang='lat' dir='ltr'><strong>Pauonic</strong></span> <span class='ocrx_word' id='word_1_392' title='bbox 917 3157 940 3193; x_wconf 87' lang='lat' dir='ltr'><strong>et</strong></span> <span class='ocrx_word' id='word_1_393' title='bbox 955 3155 1116 3194; x_wconf 84' lang='lat' dir='ltr'><strong>commendata</strong></span> <span class='ocrx_word' id='word_1_394' title='bbox 1130 3156 1223 3196; x_wconf 84' lang='lat' dir='ltr'><strong>Hunnis</strong></span> 
     </span>
     <span class='ocr_line' id='line_1_36' title="bbox 104 3210 1222 3265; baseline 0.004 -14"><span class='ocrx_word' id='word_1_395' title='bbox 104 3211 188 3265; x_wconf 84' lang='lat' dir='ltr'><strong>(Hunis</strong></span> <span class='ocrx_word' id='word_1_396' title='bbox 206 3213 229 3260; x_wconf 77' lang='lat'><strong>23</strong></span> <span class='ocrx_word' id='word_1_397' title='bbox 246 3212 347 3251; x_wconf 82' lang='lat' dir='ltr'><strong>Huinnis</strong></span> <span class='ocrx_word' id='word_1_398' title='bbox 363 3210 386 3263; x_wconf 84' lang='lat'><strong>3)</strong></span> <span class='ocrx_word' id='word_1_399' title='bbox 403 3211 497 3251; x_wconf 87' lang='lat' dir='ltr'><strong>Italiam</strong></span> <span class='ocrx_word' id='word_1_400' title='bbox 512 3216 639 3262; x_wconf 86' lang='lat' dir='ltr'><strong>properant</strong></span> <span class='ocrx_word' id='word_1_401' title='bbox 653 3215 790 3263; x_wconf 87' lang='lat' dir='ltr'><strong>possessuri.</strong></span> <span class='ocrx_word' id='word_1_402' title='bbox 821 3213 842 3253; x_wconf 86' lang='lat'><strong>8.</strong></span> <span class='ocrx_word' id='word_1_403' title='bbox 859 3212 904 3251; x_wconf 86' lang='lat' dir='ltr'><strong>Hic</strong></span> <span class='ocrx_word' id='word_1_404' title='bbox 920 3213 1032 3252; x_wconf 85' lang='lat' dir='ltr'><strong>adventus</strong></span> <span class='ocrx_word' id='word_1_405' title='bbox 1048 3214 1109 3262; x_wconf 69' lang='lat' dir='ltr'><strong>regis</strong></span> <span class='ocrx_word' id='word_1_406' title='bbox 1125 3214 1222 3254; x_wconf 89' lang='lat' dir='ltr'><strong>Albuinl</strong></span> 
     </span>
     <span class='ocr_line' id='line_1_37' title="bbox 103 3268 1221 3325; baseline 0.004 -15"><span class='ocrx_word' id='word_1_407' title='bbox 103 3271 139 3324; x_wconf 88' lang='lat' dir='ltr'><strong>(A.</strong></span> <span class='ocrx_word' id='word_1_408' title='bbox 157 3282 175 3310; x_wconf 90' lang='lat' dir='ltr'><strong>r.</strong></span> <span class='ocrx_word' id='word_1_409' title='bbox 192 3271 212 3311; x_wconf 89' lang='grc'>2.</span> <span class='ocrx_word' id='word_1_410' title='bbox 230 3268 253 3322; x_wconf 88' lang='lat'><strong>4)</strong></span> <span class='ocrx_word' id='word_1_411' title='bbox 270 3271 299 3309; x_wconf 85' lang='lat' dir='ltr'><strong>ad</strong></span> <span class='ocrx_word' id='word_1_412' title='bbox 316 3269 379 3322; x_wconf 80' lang='lat' dir='ltr'><strong>(deest</strong></span> <span class='ocrx_word' id='word_1_413' title='bbox 395 3271 418 3318; x_wconf 93' lang='grc'><strong>2)</strong></span> <span class='ocrx_word' id='word_1_414' title='bbox 435 3276 536 3313; x_wconf 88' lang='lat' dir='ltr'><strong>montem</strong></span> <span class='ocrx_word' id='word_1_415' title='bbox 551 3271 622 3320; x_wconf 76' lang='lat' dir='ltr'><strong>Regis</strong></span> <span class='ocrx_word' id='word_1_416' title='bbox 638 3271 708 3325; x_wconf 71' lang='lat' dir='ltr'><strong>(regii</strong></span> <span class='ocrx_word' id='word_1_417' title='bbox 724 3269 753 3322; x_wconf 85' lang='grc'>2).</span> <span class='ocrx_word' id='word_1_418' title='bbox 786 3269 808 3322; x_wconf 89' lang='grc'><strong>2)</strong></span> <span class='ocrx_word' id='word_1_419' title='bbox 824 3271 861 3311; x_wconf 91' lang='lat' dir='ltr'><strong>De</strong></span> <span class='ocrx_word' id='word_1_420' title='bbox 877 3281 904 3310; x_wconf 89' lang='lat' dir='ltr'><strong>eo</strong></span> <span class='ocrx_word' id='word_1_421' title='bbox 926 3272 987 3318; x_wconf 86' lang='lat' dir='ltr'><strong>quod</strong></span> <span class='ocrx_word' id='word_1_422' title='bbox 1002 3270 1089 3311; x_wconf 86' lang='lat' dir='ltr'><strong>Albuin</strong></span> <span class='ocrx_word' id='word_1_423' title='bbox 1105 3273 1130 3311; x_wconf 92' lang='lat' dir='ltr'><strong>in</strong></span> <span class='ocrx_word' id='word_1_424' title='bbox 1146 3276 1221 3314; x_wconf 82' lang='lat' dir='ltr'><strong>castro</strong></span> 
     </span>
     <span class='ocr_line' id='line_1_38' title="bbox 102 3327 1221 3383; baseline 0.002 -14"><span class='ocrx_word' id='word_1_425' title='bbox 102 3330 216 3370; x_wconf 91' lang='lat' dir='ltr'><strong>Foroiulii</strong></span> <span class='ocrx_word' id='word_1_426' title='bbox 233 3328 355 3382; x_wconf 77' lang='lat' dir='ltr'><strong>(Foroiulii</strong></span> <span class='ocrx_word' id='word_1_427' title='bbox 372 3331 396 3378; x_wconf 83' lang='lat'><strong>1;</strong></span> <span class='ocrx_word' id='word_1_428' title='bbox 412 3327 561 3372; x_wconf 66' lang='lat' dir='ltr'><strong>Foroiulob.</strong></span> <span class='ocrx_word' id='word_1_429' title='bbox 578 3329 615 3381; x_wconf 84' lang='lat' dir='ltr'><strong>ba)</strong></span> <span class='ocrx_word' id='word_1_430' title='bbox 633 3330 772 3380; x_wconf 87' lang='lat' dir='ltr'><strong>Gisuiphum</strong></span> <span class='ocrx_word' id='word_1_431' title='bbox 788 3330 825 3382; x_wconf 88' lang='lat'><strong>(-</strong></span> <span class='ocrx_word' id='word_1_432' title='bbox 841 3329 890 3369; x_wconf 82' lang='lat' dir='ltr'><strong>ium</strong></span> <span class='ocrx_word' id='word_1_433' title='bbox 907 3329 927 3370; x_wconf 90' lang='grc'>2.</span> <span class='ocrx_word' id='word_1_434' title='bbox 943 3329 963 3370; x_wconf 88' lang='grc'>2.</span> <span class='ocrx_word' id='word_1_435' title='bbox 980 3327 1004 3380; x_wconf 98' lang='grc'><strong>4)</strong></span> <span class='ocrx_word' id='word_1_436' title='bbox 1022 3333 1130 3380; x_wconf 88' lang='lat' dir='ltr'><strong>nepotem</strong></span> <span class='ocrx_word' id='word_1_437' title='bbox 1146 3342 1221 3383; x_wconf 86' lang='lat' dir='ltr'><strong>suum,</strong></span> 
     </span>
     <span class='ocr_line' id='line_1_39' title="bbox 103 3387 1222 3440; baseline 0.002 -12"><span class='ocrx_word' id='word_1_438' title='bbox 103 3389 208 3438; x_wconf 86' lang='lat' dir='ltr'><strong>quietus</strong></span> <span class='ocrx_word' id='word_1_439' title='bbox 225 3391 381 3439; x_wconf 70' lang='lat' dir='ltr'><strong>stratorem,</strong></span> <span class='ocrx_word' id='word_1_440' title='bbox 398 3388 479 3429; x_wconf 86' lang='lat' dir='ltr'><strong>ducem</strong></span> <span class='ocrx_word' id='word_1_441' title='bbox 502 3390 627 3431; x_wconf 84' lang='lat' dir='ltr'><strong>constituit.</strong></span> <span class='ocrx_word' id='word_1_442' title='bbox 665 3391 699 3430; x_wconf 89' lang='lat' dir='ltr'><strong>io.</strong></span> <span class='ocrx_word' id='word_1_443' title='bbox 716 3390 752 3429; x_wconf 90' lang='lat' dir='ltr'><strong>De</strong></span> <span class='ocrx_word' id='word_1_444' title='bbox 767 3391 841 3428; x_wconf 87' lang='lat' dir='ltr'><strong>morte</strong></span> <span class='ocrx_word' id='word_1_445' title='bbox 861 3387 993 3428; x_wconf 73' lang='lat' dir='ltr'><strong>chlotharii</strong></span> <span class='ocrx_word' id='word_1_446' title='bbox 1015 3387 1103 3439; x_wconf 84' lang='lat' dir='ltr'><strong>(Hloth.</strong></span> <span class='ocrx_word' id='word_1_447' title='bbox 1120 3387 1143 3440; x_wconf 86' lang='grc'><strong>2)</strong></span> <span class='ocrx_word' id='word_1_448' title='bbox 1160 3390 1222 3438; x_wconf 71' lang='lat' dir='ltr'><strong>regis</strong></span> 
     </span>
     <span class='ocr_line' id='line_1_40' title="bbox 102 3443 1223 3500; baseline 0.002 -14"><span class='ocrx_word' id='word_1_449' title='bbox 102 3448 251 3498; x_wconf 77' lang='lat' dir='ltr'><strong>Francorum,</strong></span> <span class='ocrx_word' id='word_1_450' title='bbox 268 3450 291 3486; x_wconf 87' lang='lat' dir='ltr'><strong>et</strong></span> <span class='ocrx_word' id='word_1_451' title='bbox 306 3447 356 3486; x_wconf 87' lang='lat' dir='ltr'><strong>eius</strong></span> <span class='ocrx_word' id='word_1_452' title='bbox 372 3457 470 3495; x_wconf 73' lang='lat' dir='ltr'><strong>regnum</strong></span> <span class='ocrx_word' id='word_1_453' title='bbox 486 3449 628 3498; x_wconf 83' lang='lat' dir='ltr'><strong>quadrifarie</strong></span> <span class='ocrx_word' id='word_1_454' title='bbox 652 3449 751 3488; x_wconf 87' lang='lat' dir='ltr'><strong>divisum</strong></span> <span class='ocrx_word' id='word_1_455' title='bbox 774 3447 855 3500; x_wconf 70' lang='lat' dir='ltr'><strong>(regno</strong></span> <span class='ocrx_word' id='word_1_456' title='bbox 872 3457 894 3494; x_wconf 93' lang='lat' dir='ltr'><strong>q.</strong></span> <span class='ocrx_word' id='word_1_457' title='bbox 917 3446 992 3485; x_wconf 88' lang='lat' dir='ltr'><strong>diviso</strong></span> <span class='ocrx_word' id='word_1_458' title='bbox 1009 3447 1029 3486; x_wconf 82' lang='grc'>2.</span> <span class='ocrx_word' id='word_1_459' title='bbox 1047 3443 1077 3485; x_wconf 77' lang='grc'>’5.</span> <span class='ocrx_word' id='word_1_460' title='bbox 1093 3445 1139 3498; x_wconf 82' lang='lat' dir='ltr'><strong>ba),</strong></span> <span class='ocrx_word' id='word_1_461' title='bbox 1155 3449 1223 3488; x_wconf 82' lang='lat' dir='ltr'><strong>etde</strong></span> 
     </span>
     <span class='ocr_line' id='line_1_41' title="bbox 102 3504 1223 3558; baseline 0.001 -12"><span class='ocrx_word' id='word_1_462' title='bbox 102 3507 163 3546; x_wconf 94' lang='lat' dir='ltr'><strong>bello</strong></span> <span class='ocrx_word' id='word_1_463' title='bbox 181 3505 239 3558; x_wconf 86' lang='lat' dir='ltr'><strong>(eius</strong></span> <span class='ocrx_word' id='word_1_464' title='bbox 255 3505 277 3546; x_wconf 92' lang='lat' dir='ltr'><strong>b.</strong></span> <span class='ocrx_word' id='word_1_465' title='bbox 295 3505 315 3546; x_wconf 82' lang='lat'><strong>6.</strong></span> <span class='ocrx_word' id='word_1_466' title='bbox 332 3504 371 3556; x_wconf 82' lang='grc'>41)</span> <span class='ocrx_word' id='word_1_467' title='bbox 392 3505 493 3547; x_wconf 85' lang='lat' dir='ltr'><strong>Avarum</strong></span> <span class='ocrx_word' id='word_1_468' title='bbox 516 3508 541 3546; x_wconf 88' lang='lat' dir='ltr'><strong>in</strong></span> <span class='ocrx_word' id='word_1_469' title='bbox 561 3508 664 3547; x_wconf 79' lang='lat' dir='ltr'><strong>Francos</strong></span> <span class='ocrx_word' id='word_1_470' title='bbox 685 3507 767 3548; x_wconf 83' lang='lat' dir='ltr'><strong>inlata.</strong></span> <span class='ocrx_word' id='word_1_471' title='bbox 803 3506 980 3546; x_wconf 68' lang='lat' dir='ltr'><strong>libonotus</strong></span> <span class='ocrx_word' id='word_1_472' title='bbox 1000 3505 1103 3544; x_wconf 74' lang='lat' dir='ltr'><strong>Narratio</strong></span> <span class='ocrx_word' id='word_1_473' title='bbox 1122 3507 1223 3554; x_wconf 87' lang='lat' dir='ltr'><strong>patricii.</strong></span> 
     </span>
     <span class='ocr_line' id='line_1_42' title="bbox 104 3562 1223 3615; baseline 0.001 -11"><span class='ocrx_word' id='word_1_474' title='bbox 104 3565 137 3605; x_wconf 91' lang='grc'><strong>12.</strong></span> <span class='ocrx_word' id='word_1_475' title='bbox 156 3564 222 3611; x_wconf 80' lang='lat' dir='ltr'><strong>Quod</strong></span> <span class='ocrx_word' id='word_1_476' title='bbox 238 3573 279 3604; x_wconf 86' lang='lat' dir='ltr'><strong>rex</strong></span> <span class='ocrx_word' id='word_1_477' title='bbox 295 3562 382 3603; x_wconf 89' lang='lat' dir='ltr'><strong>Albuiu</strong></span> <span class='ocrx_word' id='word_1_478' title='bbox 400 3565 473 3604; x_wconf 87' lang='lat' dir='ltr'><strong>Felici</strong></span> <span class='ocrx_word' id='word_1_479' title='bbox 496 3567 604 3615; x_wconf 86' lang='lat' dir='ltr'><strong>episeopo</strong></span> <span class='ocrx_word' id='word_1_480' title='bbox 626 3567 763 3606; x_wconf 82' lang='lat' dir='ltr'><strong>Tarvisiano</strong></span> <span class='ocrx_word' id='word_1_481' title='bbox 785 3574 865 3604; x_wconf 87' lang='lat' dir='ltr'><strong>omnes</strong></span> <span class='ocrx_word' id='word_1_482' title='bbox 886 3563 1009 3604; x_wconf 77' lang='lat' dir='ltr'><strong>facultates</strong></span> <span class='ocrx_word' id='word_1_483' title='bbox 1031 3564 1146 3605; x_wconf 80' lang='lat' dir='ltr'><strong>ecclesiae</strong></span> <span class='ocrx_word' id='word_1_484' title='bbox 1170 3575 1223 3605; x_wconf 89' lang='lat' dir='ltr'><strong>eon·</strong></span> 
     </span>
     <span class='ocr_line' id='line_1_43' title="bbox 103 3621 1224 3675; baseline -0.001 -11"><span class='ocrx_word' id='word_1_485' title='bbox 103 3623 180 3664; x_wconf 86' lang='lat' dir='ltr'><strong>cessit.</strong></span> <span class='ocrx_word' id='word_1_486' title='bbox 213 3621 247 3662; x_wconf 91' lang='grc'><strong>12.</strong></span> <span class='ocrx_word' id='word_1_487' title='bbox 256 3622 292 3662; x_wconf 89' lang='lat' dir='ltr'><strong>De</strong></span> <span class='ocrx_word' id='word_1_488' title='bbox 301 3632 328 3662; x_wconf 89' lang='lat' dir='ltr'><strong>eo</strong></span> <span class='ocrx_word' id='word_1_489' title='bbox 337 3623 398 3672; x_wconf 85' lang='lat' dir='ltr'><strong>quod</strong></span> <span class='ocrx_word' id='word_1_490' title='bbox 405 3623 544 3664; x_wconf 86' lang='lat' dir='ltr'><strong>Fortunatus</strong></span> <span class='ocrx_word' id='word_1_491' title='bbox 553 3625 577 3664; x_wconf 88' lang='lat' dir='ltr'><strong>in</strong></span> <span class='ocrx_word' id='word_1_492' title='bbox 586 3627 634 3665; x_wconf 79' lang='lat' dir='ltr'><strong>erte</strong></span> <span class='ocrx_word' id='word_1_493' title='bbox 643 3625 794 3674; x_wconf 71' lang='lat' dir='ltr'><strong>grammatica</strong></span> <span class='ocrx_word' id='word_1_494' title='bbox 802 3624 851 3663; x_wconf 89' lang='lat' dir='ltr'><strong>sive</strong></span> <span class='ocrx_word' id='word_1_495' title='bbox 860 3622 976 3662; x_wconf 85' lang='lat' dir='ltr'><strong>rethorica</strong></span> <span class='ocrx_word' id='word_1_496' title='bbox 990 3632 1032 3662; x_wconf 83' lang='lat' dir='ltr'><strong>seu</strong></span> <span class='ocrx_word' id='word_1_497' title='bbox 1048 3623 1144 3662; x_wconf 88' lang='lat' dir='ltr'><strong>metrica</strong></span> <span class='ocrx_word' id='word_1_498' title='bbox 1160 3621 1224 3675; x_wconf 73' lang='lat' dir='ltr'><strong>(geo-</strong></span> 
     </span>
     <span class='ocr_line' id='line_1_44' title="bbox 102 3677 1222 3731; baseline 0.001 -9"><span class='ocrx_word' id='word_1_499' title='bbox 102 3682 199 3722; x_wconf 86' lang='lat' dir='ltr'><strong>metrica</strong></span> <span class='ocrx_word' id='word_1_500' title='bbox 215 3677 237 3731; x_wconf 94' lang='grc'><strong>2)</strong></span> <span class='ocrx_word' id='word_1_501' title='bbox 259 3681 400 3720; x_wconf 87' lang='lat' dir='ltr'><strong>clarissimus</strong></span> <span class='ocrx_word' id='word_1_502' title='bbox 416 3682 500 3722; x_wconf 82' lang='lat' dir='ltr'><strong>extitit.</strong></span> <span class='ocrx_word' id='word_1_503' title='bbox 533 3683 568 3724; x_wconf 88' lang='lat'>14.</span> <span class='ocrx_word' id='word_1_504' title='bbox 585 3683 621 3724; x_wconf 90' lang='lat' dir='ltr'><strong>De</strong></span> <span class='ocrx_word' id='word_1_505' title='bbox 638 3694 666 3724; x_wconf 90' lang='lat' dir='ltr'><strong>eo</strong></span> <span class='ocrx_word' id='word_1_506' title='bbox 689 3683 750 3731; x_wconf 87' lang='lat' dir='ltr'><strong>quod</strong></span> <span class='ocrx_word' id='word_1_507' title='bbox 769 3681 856 3722; x_wconf 89' lang='lat' dir='ltr'><strong>Albuin</strong></span> <span class='ocrx_word' id='word_1_508' title='bbox 877 3681 957 3730; x_wconf 87' lang='lat' dir='ltr'><strong>paucis</strong></span> <span class='ocrx_word' id='word_1_509' title='bbox 978 3682 1081 3730; x_wconf 87' lang='lat' dir='ltr'><strong>exceptis</strong></span> <span class='ocrx_word' id='word_1_510' title='bbox 1102 3684 1162 3722; x_wconf 84' lang='lat' dir='ltr'><strong>totas</strong></span> <span class='ocrx_word' id='word_1_511' title='bbox 1178 3682 1222 3723; x_wconf 83' lang='lat' dir='ltr'><strong>Vc·</strong></span> 
     </span>
     <span class='ocr_line' id='line_1_45' title="bbox 103 3737 1222 3793; baseline 0 -13"><span class='ocrx_word' id='word_1_512' title='bbox 103 3739 536 3789; x_wconf 75' lang='lat' dir='ltr'><strong>netiaeprimueprovinciaecivitates</strong></span> <span class='ocrx_word' id='word_1_513' title='bbox 553 3739 617 3793; x_wconf 82' lang='lat' dir='ltr'><strong>(corr.</strong></span> <span class='ocrx_word' id='word_1_514' title='bbox 626 3742 721 3782; x_wconf 83' lang='lat' dir='ltr'><strong>civitate</strong></span> <span class='ocrx_word' id='word_1_515' title='bbox 729 3737 752 3791; x_wconf 88' lang='grc'><strong>2)</strong></span> <span class='ocrx_word' id='word_1_516' title='bbox 768 3741 852 3790; x_wconf 86' lang='lat' dir='ltr'><strong>coepit.</strong></span> <span class='ocrx_word' id='word_1_517' title='bbox 886 3739 964 3780; x_wconf 83' lang='lat' dir='ltr'>15.De</span> <span class='ocrx_word' id='word_1_518' title='bbox 980 3741 1082 3780; x_wconf 87' lang='lat' dir='ltr'><strong>secunda</strong></span> <span class='ocrx_word' id='word_1_519' title='bbox 1098 3741 1222 3790; x_wconf 79' lang='lat' dir='ltr'><strong>provincia</strong></span> 
     </span>
     <span class='ocr_line' id='line_1_46' title="bbox 102 3795 1221 3852; baseline 0 -12"><span class='ocrx_word' id='word_1_520' title='bbox 102 3799 199 3848; x_wconf 76' lang='lat' dir='ltr'><strong>Liguria</strong></span> <span class='ocrx_word' id='word_1_521' title='bbox 214 3802 237 3839; x_wconf 86' lang='lat' dir='ltr'><strong>et</strong></span> <span class='ocrx_word' id='word_1_522' title='bbox 253 3799 281 3839; x_wconf 86' lang='lat' dir='ltr'><strong>de</strong></span> <span class='ocrx_word' id='word_1_523' title='bbox 297 3797 361 3850; x_wconf 78' lang='lat' dir='ltr'><strong>(deest</strong></span> <span class='ocrx_word' id='word_1_524' title='bbox 382 3795 404 3848; x_wconf 92' lang='lat'>4)</span> <span class='ocrx_word' id='word_1_525' title='bbox 421 3798 489 3840; x_wconf 84' lang='lat' dir='ltr'><strong>Retia</strong></span> <span class='ocrx_word' id='word_1_526' title='bbox 511 3798 577 3851; x_wconf 83' lang='lat' dir='ltr'><strong>(Reci</strong></span> <span class='ocrx_word' id='word_1_527' title='bbox 593 3799 615 3852; x_wconf 91' lang='grc'><strong>2)</strong></span> <span class='ocrx_word' id='word_1_528' title='bbox 637 3801 714 3851; x_wconf 88' lang='lat' dir='ltr'><strong>prima</strong></span> <span class='ocrx_word' id='word_1_529' title='bbox 734 3803 757 3841; x_wconf 87' lang='lat' dir='ltr'><strong>et</strong></span> <span class='ocrx_word' id='word_1_530' title='bbox 779 3800 847 3839; x_wconf 84' lang='lat' dir='ltr'><strong>Retia</strong></span> <span class='ocrx_word' id='word_1_531' title='bbox 868 3798 977 3839; x_wconf 82' lang='lat' dir='ltr'><strong>secunda.</strong></span> <span class='ocrx_word' id='word_1_532' title='bbox 1014 3799 1051 3838; x_wconf 87' lang='grc'><strong>16.</strong></span> <span class='ocrx_word' id='word_1_533' title='bbox 1066 3799 1102 3839; x_wconf 92' lang='lat' dir='ltr'><strong>De</strong></span> <span class='ocrx_word' id='word_1_534' title='bbox 1121 3797 1221 3849; x_wconf 80' lang='lat' dir='ltr'><strong>Alpibus</strong></span> 
     </span>
     <span class='ocr_line' id='line_1_47' title="bbox 103 3856 1220 3912; baseline -0.002 -12"><span class='ocrx_word' id='word_1_535' title='bbox 103 3859 229 3900; x_wconf 70' lang='lat' dir='ltr'><strong>cottiarum</strong></span> <span class='ocrx_word' id='word_1_536' title='bbox 246 3856 377 3907; x_wconf 85' lang='lat' dir='ltr'><strong>(Gotiarum</strong></span> <span class='ocrx_word' id='word_1_537' title='bbox 394 3859 413 3898; x_wconf 91' lang='grc'>1.</span> <span class='ocrx_word' id='word_1_538' title='bbox 431 3857 452 3900; x_wconf 88' lang='grc'>2.</span> <span class='ocrx_word' id='word_1_539' title='bbox 469 3856 491 3909; x_wconf 88' lang='lat'>4)</span> <span class='ocrx_word' id='word_1_540' title='bbox 508 3863 531 3898; x_wconf 90' lang='lat' dir='ltr'><strong>et</strong></span> <span class='ocrx_word' id='word_1_541' title='bbox 550 3859 635 3899; x_wconf 80' lang='lat' dir='ltr'><strong>Tuscia</strong></span> <span class='ocrx_word' id='word_1_542' title='bbox 652 3859 742 3912; x_wconf 77' lang='lat' dir='ltr'><strong>(Tustia</strong></span> <span class='ocrx_word' id='word_1_543' title='bbox 758 3856 788 3909; x_wconf 93' lang='lat' dir='ltr'><strong>l).</strong></span> <span class='ocrx_word' id='word_1_544' title='bbox 821 3858 856 3898; x_wconf 81' lang='grc'>11.</span> <span class='ocrx_word' id='word_1_545' title='bbox 873 3857 909 3898; x_wconf 88' lang='lat' dir='ltr'><strong>De</strong></span> <span class='ocrx_word' id='word_1_546' title='bbox 926 3857 1055 3906; x_wconf 81' lang='lat' dir='ltr'><strong>Campania</strong></span> <span class='ocrx_word' id='word_1_547' title='bbox 1070 3860 1094 3898; x_wconf 85' lang='lat' dir='ltr'><strong>et</strong></span> <span class='ocrx_word' id='word_1_548' title='bbox 1107 3857 1220 3899; x_wconf 82' lang='lat' dir='ltr'><strong>Lucania.</strong></span> 
     </span>
     <span class='ocr_line' id='line_1_48' title="bbox 105 3914 1222 3970; baseline -0.002 -12"><span class='ocrx_word' id='word_1_549' title='bbox 105 3918 137 3958; x_wconf 79' lang='lat'><strong>1⁸.</strong></span> <span class='ocrx_word' id='word_1_550' title='bbox 154 3917 190 3956; x_wconf 87' lang='lat' dir='ltr'><strong>De</strong></span> <span class='ocrx_word' id='word_1_551' title='bbox 206 3915 304 3966; x_wconf 87' lang='lat' dir='ltr'><strong>Alpibus</strong></span> <span class='ocrx_word' id='word_1_552' title='bbox 320 3914 450 3965; x_wconf 87' lang='lat' dir='ltr'><strong>Apenninis</strong></span> <span class='ocrx_word' id='word_1_553' title='bbox 472 3915 539 3969; x_wconf 83' lang='lat' dir='ltr'><strong>(cerr.</strong></span> <span class='ocrx_word' id='word_1_554' title='bbox 554 3919 668 3967; x_wconf 87' lang='lat' dir='ltr'><strong>Apeninis</strong></span> <span class='ocrx_word' id='word_1_555' title='bbox 685 3916 708 3969; x_wconf 86' lang='grc'><strong>2)</strong></span> <span class='ocrx_word' id='word_1_556' title='bbox 725 3921 747 3958; x_wconf 87' lang='lat' dir='ltr'><strong>et</strong></span> <span class='ocrx_word' id='word_1_557' title='bbox 767 3916 861 3957; x_wconf 79' lang='lat' dir='ltr'><strong>Emilia.</strong></span> <span class='ocrx_word' id='word_1_558' title='bbox 894 3915 929 3956; x_wconf 89' lang='grc'><strong>12.</strong></span> <span class='ocrx_word' id='word_1_559' title='bbox 946 3916 982 3954; x_wconf 90' lang='lat' dir='ltr'><strong>De</strong></span> <span class='ocrx_word' id='word_1_560' title='bbox 1001 3916 1142 3956; x_wconf 86' lang='lat' dir='ltr'><strong>Flammiuia</strong></span> <span class='ocrx_word' id='word_1_561' title='bbox 1159 3916 1222 3970; x_wconf 84' lang='lat' dir='ltr'><strong>(Fia-</strong></span> 
     </span>
     <span class='ocr_line' id='line_1_49' title="bbox 103 3973 1220 4028; baseline 0.002 -14"><span class='ocrx_word' id='word_1_562' title='bbox 103 3976 211 4018; x_wconf 81' lang='lat' dir='ltr'><strong>miniati.</strong></span> <span class='ocrx_word' id='word_1_563' title='bbox 228 3973 251 4027; x_wconf 95' lang='lat'>4)</span> <span class='ocrx_word' id='word_1_564' title='bbox 269 3978 291 4016; x_wconf 81' lang='lat' dir='ltr'><strong>ei</strong></span> <span class='ocrx_word' id='word_1_565' title='bbox 306 3975 419 4015; x_wconf 87' lang='lat' dir='ltr'><strong>Picenum</strong></span> <span class='ocrx_word' id='word_1_566' title='bbox 433 3974 530 4028; x_wconf 82' lang='lat' dir='ltr'><strong>(Pineuu</strong></span> <span class='ocrx_word' id='word_1_567' title='bbox 547 3979 570 4026; x_wconf 71' lang='lat'><strong>15</strong></span> <span class='ocrx_word' id='word_1_568' title='bbox 586 3978 673 4017; x_wconf 86' lang='lat' dir='ltr'><strong>Piceno</strong></span> <span class='ocrx_word' id='word_1_569' title='bbox 690 3979 710 4019; x_wconf 88' lang='grc'>2.</span> <span class='ocrx_word' id='word_1_570' title='bbox 718 3974 749 4016; x_wconf 84' lang='grc'><strong>’5.</strong></span> <span class='ocrx_word' id='word_1_571' title='bbox 767 3973 814 4026; x_wconf 82' lang='lat' dir='ltr'><strong>ba).</strong></span> <span class='ocrx_word' id='word_1_572' title='bbox 846 3975 881 4016; x_wconf 87' lang='grc'>20.</span> <span class='ocrx_word' id='word_1_573' title='bbox 898 3975 934 4014; x_wconf 87' lang='lat' dir='ltr'><strong>De</strong></span> <span class='ocrx_word' id='word_1_574' title='bbox 950 3974 1046 4016; x_wconf 87' lang='lat' dir='ltr'><strong>Valeria</strong></span> <span class='ocrx_word' id='word_1_575' title='bbox 1060 3979 1083 4015; x_wconf 86' lang='lat' dir='ltr'><strong>et</strong></span> <span class='ocrx_word' id='word_1_576' title='bbox 1098 3975 1220 4016; x_wconf 80' lang='lat' dir='ltr'><strong>Samnium</strong></span> 
     </span>
     <span class='ocr_line' id='line_1_50' title="bbox 105 4031 1221 4088; baseline 0 -13"><span class='ocrx_word' id='word_1_577' title='bbox 105 4033 206 4086; x_wconf 82' lang='lat' dir='ltr'><strong>(Samnio</strong></span> <span class='ocrx_word' id='word_1_578' title='bbox 223 4031 254 4074; x_wconf 76' lang='lat'><strong>⁹5.</strong></span> <span class='ocrx_word' id='word_1_579' title='bbox 272 4031 318 4085; x_wconf 82' lang='lat' dir='ltr'><strong>ba).</strong></span> <span class='ocrx_word' id='word_1_580' title='bbox 358 4035 393 4074; x_wconf 87' lang='grc'><strong>21.</strong></span> <span class='ocrx_word' id='word_1_581' title='bbox 410 4035 445 4074; x_wconf 93' lang='lat' dir='ltr'><strong>De</strong></span> <span class='ocrx_word' id='word_1_582' title='bbox 462 4033 548 4086; x_wconf 85' lang='lat' dir='ltr'><strong>Apulia</strong></span> <span class='ocrx_word' id='word_1_583' title='bbox 564 4035 668 4088; x_wconf 89' lang='lat' dir='ltr'><strong>(Apullia</strong></span> <span class='ocrx_word' id='word_1_584' title='bbox 689 4037 710 4078; x_wconf 89' lang='lat'><strong>1.</strong></span> <span class='ocrx_word' id='word_1_585' title='bbox 726 4033 748 4086; x_wconf 90' lang='grc'><strong>2)</strong></span> <span class='ocrx_word' id='word_1_586' title='bbox 773 4037 796 4074; x_wconf 86' lang='lat' dir='ltr'><strong>et</strong></span> <span class='ocrx_word' id='word_1_587' title='bbox 812 4033 900 4074; x_wconf 75' lang='lat' dir='ltr'><strong>Sicilia.</strong></span> <span class='ocrx_word' id='word_1_588' title='bbox 932 4033 969 4074; x_wconf 89' lang='grc'><strong>22.</strong></span> <span class='ocrx_word' id='word_1_589' title='bbox 985 4033 1021 4074; x_wconf 90' lang='lat' dir='ltr'><strong>De</strong></span> <span class='ocrx_word' id='word_1_590' title='bbox 1045 4033 1139 4074; x_wconf 75' lang='lat' dir='ltr'><strong>Corsica</strong></span> <span class='ocrx_word' id='word_1_591' title='bbox 1155 4038 1178 4076; x_wconf 87' lang='lat' dir='ltr'><strong>et</strong></span> <span class='ocrx_word' id='word_1_592' title='bbox 1193 4035 1221 4075; x_wconf 87' lang='lat' dir='ltr'><strong>de</strong></span> 
     </span>
     <span class='ocr_line' id='line_1_51' title="bbox 104 4091 1223 4146; baseline 0.002 -14"><span class='ocrx_word' id='word_1_593' title='bbox 104 4092 212 4133; x_wconf 79' lang='lat' dir='ltr'><strong>Sardinia</strong></span> <span class='ocrx_word' id='word_1_594' title='bbox 228 4092 260 4146; x_wconf 87' lang='lat' dir='ltr'><strong>(et</strong></span> <span class='ocrx_word' id='word_1_595' title='bbox 275 4092 358 4133; x_wconf 76' lang='lat' dir='ltr'><strong>sardia</strong></span> <span class='ocrx_word' id='word_1_596' title='bbox 373 4091 405 4144; x_wconf 87' lang='lat'>4).</span> <span class='ocrx_word' id='word_1_597' title='bbox 437 4093 472 4133; x_wconf 79' lang='grc'><strong>22.</strong></span> <span class='ocrx_word' id='word_1_598' title='bbox 490 4093 556 4142; x_wconf 79' lang='lat' dir='ltr'><strong>Quod</strong></span> <span class='ocrx_word' id='word_1_599' title='bbox 578 4095 684 4136; x_wconf 86' lang='lat' dir='ltr'><strong>Brennus</strong></span> <span class='ocrx_word' id='word_1_600' title='bbox 708 4093 824 4146; x_wconf 85' lang='lat' dir='ltr'><strong>(Brennus</strong></span> <span class='ocrx_word' id='word_1_601' title='bbox 843 4097 893 4142; x_wconf 80' lang='lat' dir='ltr'><strong>post</strong></span> <span class='ocrx_word' id='word_1_602' title='bbox 916 4102 972 4133; x_wconf 78' lang='lat' dir='ltr'><strong>corr.</strong></span> <span class='ocrx_word' id='word_1_603' title='bbox 996 4093 1102 4134; x_wconf 87' lang='lat' dir='ltr'><strong>Brennus</strong></span> <span class='ocrx_word' id='word_1_604' title='bbox 1119 4096 1144 4143; x_wconf 86' lang='lat'><strong>1;</strong></span> <span class='ocrx_word' id='word_1_605' title='bbox 1168 4096 1223 4134; x_wconf 84' lang='lat' dir='ltr'><strong>Bra·</strong></span> 
     </span>
     <span class='ocr_line' id='line_1_52' title="bbox 104 4149 1222 4202; baseline -0.001 -10"><span class='ocrx_word' id='word_1_606' title='bbox 104 4162 185 4192; x_wconf 87' lang='lat' dir='ltr'><strong>munus</strong></span> <span class='ocrx_word' id='word_1_607' title='bbox 201 4152 228 4202; x_wconf 75' lang='lat'><strong>65</strong></span> <span class='ocrx_word' id='word_1_608' title='bbox 251 4153 380 4192; x_wconf 89' lang='lat' dir='ltr'><strong>Premunus</strong></span> <span class='ocrx_word' id='word_1_609' title='bbox 396 4149 418 4202; x_wconf 87' lang='lat'>4)</span> <span class='ocrx_word' id='word_1_610' title='bbox 443 4163 484 4193; x_wconf 85' lang='lat' dir='ltr'><strong>rex</strong></span> <span class='ocrx_word' id='word_1_611' title='bbox 507 4153 623 4202; x_wconf 88' lang='lat' dir='ltr'><strong>quondam</strong></span> <span class='ocrx_word' id='word_1_612' title='bbox 640 4153 761 4194; x_wconf 88' lang='lat' dir='ltr'><strong>Gallorum</strong></span> <span class='ocrx_word' id='word_1_613' title='bbox 777 4162 829 4192; x_wconf 90' lang='lat' dir='ltr'><strong>cum</strong></span> <span class='ocrx_word' id='word_1_614' title='bbox 844 4151 948 4192; x_wconf 87' lang='lat' dir='ltr'><strong>tricentis</strong></span> <span class='ocrx_word' id='word_1_615' title='bbox 971 4151 1066 4193; x_wconf 89' lang='lat' dir='ltr'><strong>milibus</strong></span> <span class='ocrx_word' id='word_1_616' title='bbox 1082 4153 1112 4193; x_wconf 79' lang='lat' dir='ltr'><strong>ad</strong></span> <span class='ocrx_word' id='word_1_617' title='bbox 1127 4153 1222 4194; x_wconf 87' lang='lat' dir='ltr'><strong>Italiam</strong></span> 
     </span>
     <span class='ocr_line' id='line_1_53' title="bbox 104 4209 1222 4264; baseline 0 -14"><span class='ocrx_word' id='word_1_618' title='bbox 104 4211 198 4251; x_wconf 67' lang='lat' dir='ltr'><strong>renent.</strong></span> <span class='ocrx_word' id='word_1_619' title='bbox 245 4210 450 4258; x_wconf 75' lang='lat' dir='ltr'><strong>24.4)uoc11talia</strong></span> <span class='ocrx_word' id='word_1_620' title='bbox 472 4215 495 4252; x_wconf 90' lang='lat' dir='ltr'><strong>et</strong></span> <span class='ocrx_word' id='word_1_621' title='bbox 510 4211 615 4252; x_wconf 86' lang='lat' dir='ltr'><strong>Ausonia</strong></span> <span class='ocrx_word' id='word_1_622' title='bbox 639 4215 662 4254; x_wconf 89' lang='lat' dir='ltr'><strong>et</strong></span> <span class='ocrx_word' id='word_1_623' title='bbox 681 4212 773 4252; x_wconf 81' lang='lat' dir='ltr'><strong>Latium</strong></span> <span class='ocrx_word' id='word_1_624' title='bbox 789 4210 895 4264; x_wconf 82' lang='lat' dir='ltr'><strong>(Lucium</strong></span> <span class='ocrx_word' id='word_1_625' title='bbox 912 4209 934 4263; x_wconf 93' lang='lat'><strong>1)</strong></span> <span class='ocrx_word' id='word_1_626' title='bbox 957 4211 1078 4252; x_wconf 85' lang='lat' dir='ltr'><strong>vocitatur.</strong></span> <span class='ocrx_word' id='word_1_627' title='bbox 1125 4211 1161 4253; x_wconf 80' lang='grc'>25.</span> <span class='ocrx_word' id='word_1_628' title='bbox 1177 4211 1222 4252; x_wconf 89' lang='lat' dir='ltr'><strong>Ubi</strong></span> 
     </span>
     <span class='ocr_line' id='line_1_54' title="bbox 104 4268 1223 4320; baseline 0.002 -12"><span class='ocrx_word' id='word_1_629' title='bbox 104 4268 189 4309; x_wconf 90' lang='lat' dir='ltr'><strong>Albuin</strong></span> <span class='ocrx_word' id='word_1_630' title='bbox 204 4269 324 4319; x_wconf 74' lang='lat' dir='ltr'><strong>Liguriam</strong></span> <span class='ocrx_word' id='word_1_631' title='bbox 346 4271 458 4314; x_wconf 83' lang='lat' dir='ltr'><strong>introivit.</strong></span> <span class='ocrx_word' id='word_1_632' title='bbox 495 4272 530 4312; x_wconf 86' lang='grc'>26.</span> <span class='ocrx_word' id='word_1_633' title='bbox 546 4273 583 4312; x_wconf 86' lang='lat' dir='ltr'><strong>De</strong></span> <span class='ocrx_word' id='word_1_634' title='bbox 603 4282 631 4312; x_wconf 94' lang='lat' dir='ltr'><strong>eo</strong></span> <span class='ocrx_word' id='word_1_635' title='bbox 655 4271 716 4320; x_wconf 85' lang='lat' dir='ltr'><strong>qnod</strong></span> <span class='ocrx_word' id='word_1_636' title='bbox 732 4270 864 4312; x_wconf 84' lang='lat' dir='ltr'><strong>&#39;Ficineusls</strong></span> <span class='ocrx_word' id='word_1_637' title='bbox 887 4269 968 4310; x_wconf 89' lang='lat' dir='ltr'><strong>civitas</strong></span> <span class='ocrx_word' id='word_1_638' title='bbox 989 4280 1031 4320; x_wconf 86' lang='lat' dir='ltr'><strong>per</strong></span> <span class='ocrx_word' id='word_1_639' title='bbox 1050 4271 1177 4312; x_wconf 86' lang='lat' dir='ltr'><strong>triennium</strong></span> <span class='ocrx_word' id='word_1_640' title='bbox 1192 4269 1223 4310; x_wconf 91' lang='lat' dir='ltr'><strong>sit</strong></span> 
     </span>
    </p>
   </div>
   <div class='ocr_carea' id='block_1_6' title="bbox 108 4399 974 4552">
    <p class='ocr_par' dir='ltr' id='par_1_6' title="bbox 108 4399 974 4552">
     <span class='ocr_line' id='line_1_55' title="bbox 108 4399 376 4472; baseline 0.022 -22"><span class='ocrx_word' id='word_1_641' title='bbox 108 4399 134 4468; x_wconf 90' lang='lat'><strong>1)</strong></span> <span class='ocrx_word' id='word_1_642' title='bbox 153 4401 229 4453; x_wconf 84' lang='lat' dir='ltr'><strong>Haec</strong></span> <span class='ocrx_word' id='word_1_643' title='bbox 249 4419 281 4454; x_wconf 82' lang='lat' dir='ltr'><strong>cra</strong></span> <span class='ocrx_word' id='word_1_644' title='bbox 304 4401 376 4472; x_wconf 73' lang='grc' dir='ltr'>0νὶ9.</span> 
     </span>
     <span class='ocr_line' id='line_1_56' title="bbox 958 4502 974 4552; baseline 0 0"><span class='ocrx_word' id='word_1_645' title='bbox 958 4502 974 4552; x_wconf 87' lang='grc'><strong>6</strong></span> 
     </span>
    </p>
   </div>
   <div class='ocr_carea' id='block_1_7' title="bbox 0 0 1524 5014">
    <p class='ocr_par' dir='ltr' id='par_1_7' title="bbox 0 0 1524 5014">
     <span class='ocr_line' id='line_1_57' title="bbox 0 0 1524 5014; baseline 0 0"><span class='ocrx_word' id='word_1_646' title='bbox 0 0 1524 5014; x_wconf 95' lang='lat' dir='ltr'><strong> </strong></span> 
     </span>
    </p>
   </div>
  </div>
 </body>
</html>
