2994 4998
302 402 353 454 186
459 401 568 453 PAULI
587 399 759 454 HISTORIA
779 399 1114 453 LANGOBARDORUM.
1151 398 1224 450 LIB.
1243 399 1276 451 V.

295 565 517 653 Langobardis
538 587 657 654 pavore
679 565 846 631 deterritos
868 575 971 630 castra
992 566 1117 651 integra
1137 564 1316 652 reliquisse,
1339 587 1430 640 mox

295 651 371 718 laeti
399 651 503 716 effecti
525 651 670 715 certatim
692 659 807 714 cuncta
835 648 993 714 invadunt
1021 671 1218 735 coenamque
1240 648 1428 714 affluentis-

295 737 409 801 simam
434 736 602 800 instruunt.
653 734 718 814 Qui
745 734 823 798 dum
852 733 987 798 diversis
1013 731 1115 818 epulis
1144 731 1331 818 multoque⁸
1367 732 1427 798 de·

294 819 419 906 gravmi
433 819 506 882 vino
530 838 705 903 somnoque
728 817 930 903 quievissent,
955 814 1123 880 Grimuald
1144 838 1242 902 super
1262 837 1318 880 eos
1341 826 1424 902 post

293 904 396 968 noctis
423 902 564 966 medium
592 901 732 982 inruens,
762 909 850 965 tanta
878 921 932 964 eos
959 899 1071 995 caede,
1107 900 1271 982 rostravit,
1299 910 1337 964 ut
1359 901 1426 963 vix
1492 957 1493 960 ,

293 987 446 1134 titia
461 981 1423 1154 escarsrabautensis},tirsus
1448 969 1493 1084 ‘l

293 1092 480 1240 appellatugr,
501 1173 561 1217 neo
575 1091 677 1236 longd)
685 1151 780 1216 distat
794 1116 835 1216 ab
858 1150 1002 1216 Astensis
1018 1149 1199 1216 civitatulae
1213 1148 1390 1214 moenibus
1397 1151 1421 1214 ἃ.

378 1236 407 1300 6.
450 1235 512 1299 His
539 1234 652 1300 diebus
674 1234 900 1300 Constantinus
921 1242 1094 1319 augustus,
1123 1235 1179 1321 qui
1201 1243 1233 1298 et
1254 1232 1422 1298 Constans
1492 1275 1493 1316 3

200 1330 342 1392 seamest
373 1317 567 1406 appellatus,
603 1317 729 1383 Italiam
767 1339 787 1381 a
825 1318 1111 1403 Langobardorum
1149 1329 1267 1382 manui
1301 1339 1420 1382 eruere
1492 1319 1493 1378 l

292 1427 332 1469 cu
357 1405 440 1486 iens,
475 1401 803 1501 Constantinopolimr
835 1423 989 1487 egressus,
1022 1413 1131 1486 pert·l
1163 1399 1322 1466 litoraliah
1354 1402 1421 1466 iter
1491 1379 1493 1490 l

290 1427 420 1569 habens,
442 1484 598 1551 Athenasi
618 1495 714 1568 vemt,
736 1484 874 1571 indeque
889 1507 975 1550 mare
990 1495 1215 1570 transgressus,
1238 1485 1420 1550 Tarentum

291 1569 454 1656 aplicuit.
498 1569 562 1649 Qui
583 1574 688 1634 tamen
703 1570 792 1654 prius
807 1568 849 1632 ad
870 1567 1043 1634 solitarium
1067 1569 1237 1656 quendam,
1260 1569 1315 1654 qui
1339 1591 1416 1654 pro·
1491 1503 1493 1638 l

290 1594 418 1740 phetiae
450 1653 596 1738 spiritum
628 1651 746 1717 habere
779 1651 979 1734 dicebaturi,
1011 1652 1099 1736 adiit,
1133 1652 1276 1717 studiose
1308 1652 1417 1716 abeo
1492 1641 1493 1680 l

291 1738 478 1819 sciscitansl,
500 1745 606 1800 utrum
631 1745 759 1821 gentem
788 1735 1091 1821 Langobardorum,
1122 1759 1204 1822 quae
1230 1737 1264 1800 in
1291 1735 1416 1800 Italiam
1492 1803 1493 1820 ,

290 1820 471 1901 habitabat,
494 1833 670 1905 superaren
692 1830 724 1884 at
745 1820 889 1905 optinere
910 1820 1020 1906 possit.
1063 1819 1095 1883 A
1139 1842 1180 1884 uo
1204 1841 1277 1882 oum
1299 1841 1415 1882 servus
1492 1889 1493 1898 χ

290 1905 355 1968 Dei
377 1904 515 1989 spatium
529 1905 623 1967 unius
638 1903 741 1968 noctis
763 1905 946 1988 expetisset,
968 1913 1005 1969 ut
1024 1915 1103 1989 pr0⁰
1117 1842 1185 1967 hoc
1206 1904 1276 1988 ipso
1298 1902 1415 1966 Domi·
1492 1913 1493 1936 ¹

289 2009 366 2051 num
388 1986 611 2074 supplicaret*,
640 1987 746 2051 facto}¹
768 2008 862 2050 mane
884 1988 929 2050 ita
950 1986 1054 2052 cidem
1075 1995 1210 2072 augusto
1231 1987 1413 2072 respondit:

176 2089 213 2146 *a
229 2095 280 2138 ιιι.
291 2070 389 2137 ‘Gens
410 2070 697 2156 Langobardorum
719 2071 880 2155 *superari
893 2070 990 2135 modo
1012 2071 1053 2136 ab
1081 2069 1189 2157 aliquo
1210 2091 1274 2134 non
1296 2079 1412 2155 potest,

320 2228 342 2298 *)
363 2229 506 2298 Sequentia
524 2231 554 2283 ia
573 2233 648 2284 codd.
668 2234 691 2284 F
711 2233 737 2283 2.
757 2229 794 2282 *2.
816 2232 847 2281 2⁰
868 2233 952 2284 etad.
976 2250 1022 2300 pr.
1052 2230 1091 2284 ita
1121 2232 1251 2297 ampliata
1271 2233 1409 2299 lequutur:

362 2311 392 2357 ut
410 2323 457 2373 pro
477 2307 528 2357 hoc
548 2307 606 2372 ipso
627 2305 763 2356 dominum
783 2305 870 2355 Deum
890 2305 1068 2372 supplicaret;
1096 2309 1123 2355 et
1143 2304 1188 2354 ille
1209 2304 1323 2356 fideliter
1343 2321 1410 2370 agc-

362 2379 420 2442 bat;
456 2385 578 2446 prompto
609 2377 689 2429 corde
722 2379 868 2430 orationem
897 2379 1010 2430 lundens
1038 2379 1073 2428 ad
1099 2379 1257 2442 Dominum,
1287 2379 1410 2428 dicebat:

363 2453 487 2502 ‘Domine
507 2453 589 2502 lhesu
610 2451 722 2514 Christe,
742 2467 789 2500 rex
808 2466 909 2516 regum,
936 2451 1025 2501 lumen
1044 2467 1134 2513 verax,
1164 2452 1210 2516 qui
1234 2453 1329 2503 misisti
1349 2452 1410 2517 spi-

361 2526 440 2576 ritum
454 2529 575 2575 sanctum
589 2526 617 2574 in
637 2525 728 2590 specie
741 2524 813 2588 ignis
832 2525 860 2574 in
880 2524 1015 2590 apostolos
1028 2528 1096 2586 tuos,
1117 2525 1266 2574 transmitte
1280 2525 1409 2591 Spiritum

361 2603 483 2649 sanctum
504 2597 695 2648 consolationis
716 2602 761 2646 tue
774 2597 802 2646 in
816 2612 845 2648 os
864 2613 961 2660 meum,
981 2603 1010 2648 ut
1028 2599 1128 2663 possim
1148 2597 1288 2648 eonsilium
1304 2604 1407 2648 rectum

361 2671 466 2722 mittere
479 2668 630 2720 hominibus
644 2669 711 2730 istis,
731 2670 777 2734 qui
796 2676 925 2722 venerunt
938 2672 1023 2721 intuo
1043 2671 1149 2721 nomino
1163 2669 1199 2720 ad
1212 2671 1272 2722 me’.
1302 2670 1409 2720 Eadem

361 2743 427 2794 hora
445 2743 502 2793 viss
521 2743 624 2793 suntsi
642 2747 696 2793 tres
715 2758 828 2808 persone
848 2743 1008 2810 spirituales,
1029 2759 1139 2808 quarum
1152 2758 1206 2794 una
1219 2748 1276 2794 erat
1294 2745 1407 2794 archan·

362 2815 418 2880 geli
445 2814 596 2878 Michaelis,
625 2814 744 2866 secunda
773 2815 900 2866 Iohannis
928 2817 1052 2882 baptiste,
1081 2817 1161 2866 tertia
1186 2817 1301 2882 apostoli
1325 2817 1406 2867 Petri.

360 2889 436 2938 'Inna
455 2901 509 2936 una
528 2887 632 2938 axillis
652 2887 718 2938 dixit
737 2888 772 2938 ad
791 2887 952 2939 solitarium:
973 2889 1034 2938 ‘Dic
1049 2889 1204 2954 imperatori
1223 2889 1407 2953 Constantino,

360 2959 442 3010 talem
461 2974 517 3008 rem
536 2959 646 3011 habenti
664 2962 692 3010 in
712 2961 793 3012 corde
812 2977 860 3012 suo
880 2961 1049 3028 dispositam:
1070 2961 1198 3011 “Domini
1216 2962 1338 3014 voluntas
1358 2963 1406 3013 ad·

363 3032 489 3082 huonon
510 3036 557 3084 est.
597 3033 668 3085 Gens
688 3033 934 3100 Langobardorum,
961 3035 1052 3100 quiin
1072 3034 1302 3098 italiahabitant,
1328 3051 1407 3102 supe·

361 3105 414 3155 rari
433 3104 513 3155 modo
534 3106 568 3156 ab
584 3106 675 3172 aliquo
694 3123 747 3158 non
766 3111 864 3173 potest,
890 3109 953 3172 quia
972 3107 1066 3172 regina
1085 3107 1200 3172 quedam
1221 3123 1254 3158 ex
1273 3107 1328 3158 alia
1345 3125 1405 3175 pro·

361 3177 451 3228 vincia
479 3179 590 3230 veniens
618 3179 759 3230 basilicam
786 3181 814 3229 in
842 3180 942 3230 honore
970 3180 1080 3230 Domini
1109 3185 1136 3231 et
1164 3183 1250 3231 sancti
1278 3182 1405 3234 Iohannis

360 3249 476 3316 baptiste
491 3254 637 3303 construxit
655 3253 684 3302 in
696 3251 934 3316 Langobardorum
953 3250 1058 3318 finibus,
1079 3259 1106 3304 et
1125 3255 1228 3304 ornavit
1242 3269 1299 3304 cam
1319 3254 1405 3304 iacul-

361 3322 461 3374 tatibus
481 3323 649 3390 honorificis3
676 3325 769 3375 famuli
789 3330 816 3375 et
836 3324 935 3374 famula
956 3330 983 3376 ct
1007 3325 1112 3391 reliqua
1136 3327 1188 3377 sibi
1206 3327 1328 3378 subiecta
1346 3333 1407 3379 suut

358 3397 406 3460 ibi,
435 3401 462 3448 et
490 3399 644 3450 sacerdotes
673 3399 701 3447 in
726 3399 784 3464 ipso
814 3397 922 3448 oraculo
948 3398 1064 3449 Domino
1089 3397 1205 3450 fideliter
1229 3401 1356 3462 serviunt,
1379 3406 1407 3452 et

358 3475 467 3536 propter
485 3470 537 3521 boc
556 3472 615 3538 ipse
637 3475 745 3523 sanctus
765 3470 900 3522 Iohannes
919 3486 966 3537 pro
986 3471 1224 3536 Langobardorum
1241 3477 1322 3536 gente
1343 3488 1405 3523 con·

359 3544 435 3594 tinuo
461 3543 614 3594 intercedit.
658 3543 722 3610 Ipsa
749 3559 813 3594 vero
839 3559 906 3608 gens
931 3543 1088 3610 suppliciter
1112 3559 1145 3594 ac
1171 3544 1342 3596 devotissime
1368 3545 1404 3596 de

285 3665 308 3719 a)
325 3669 443 3718 multaque
458 3666 479 3707 Α
489 3669 509 3719 1,
525 3679 581 3710 corr.
599 3669 717 3718 multoque
727 3669 776 3710 Gt.
788 3671 812 3719 ²3
829 3671 941 3719 multique
958 3667 987 3723 (i)
1003 3681 1060 3712 corr.
1077 3671 1251 3720 multoqucFl.
1311 3669 1335 3724 b)
1351 3683 1400 3722 rep·

285 3727 381 3778 puderet
403 3727 458 3768 ΡΙ.
534 3725 555 3778 o)
571 3727 635 3766 ribus
658 3728 713 3768 Fl.
739 3727 759 3768 G
777 3731 796 3770 1.
814 3729 839 3778 23
869 3730 959 3768 rivulus
983 3730 1000 3769 Β*
1017 3730 1041 3779 23
1072 3740 1158 3768 erucam
1182 3729 1203 3770 G
1218 3731 1246 3779 43
1276 3731 1330 3770 deest
1353 3732 1401 3773 la.

286 3783 490 3837 d)milihus18;
517 3786 587 3826 clvitu
608 3787 753 3840 iqmoenibue
770 3786 791 3827 G
807 3788 832 3837 ὃς
856 3789 948 3829 civitate
970 3788 1089 3828 liminibus
1105 3786 1125 3826 A
1141 3787 1177 3837 ’ἲς
1200 3788 1248 3828 Ast.
1265 3789 1335 3830 distat
1350 3791 1403 3830 civi·

284 3848 356 3885 tatum
379 3843 509 3884 temonibus
532 3843 553 3884 A
569 3845 595 3894 ὃς
618 3845 710 3886 Ostcnri
733 3847 826 3886 civItatc
850 3847 971 3888 moenibus
987 3845 1005 3888 G
1022 3848 1047 3895 13
1070 3846 1164 3886 civitate
1180 3847 1235 3889 lem.
1252 3846 1269 3888 G
1285 3845 1321 3897 '13
1347 3849 1399 3888 ciri·

284 3904 339 3944 tatis
354 3903 465 3943 limitibus
480 3914 537 3942 corr.
553 3904 572 3942 F
588 3905 608 3942 1.
667 3902 689 3954 c)
706 3913 800 3944 manum
815 3904 834 3944 F
851 3907 871 3946 1.
889 3927 914 3936 ·-
933 3905 1023 3954 eripere
1037 3907 1056 3945 B
1075 3907 1096 3944 1.
1164 3903 1400 3957 OGonstantinopoli

285 3961 305 4000 A
321 3961 342 4002 a.
360 3983 386 3992 -
403 3972 494 4010 mossur
510 3961 531 4001 A
548 3964 567 4002 2.
628 3960 651 4014 g)
667 3973 710 4013 par
729 3984 752 3993 -
767 3967 925 4012 transgressus
940 3964 985 4003 alia
1000 3974 1067 4003 manu
1081 3963 1152 4013 suppl.
1168 3963 1188 4004 G
1201 3966 1222 4006 4.
1284 3964 1308 4017 h)
1324 3966 1400 4006 iltorie

285 4021 305 4060 A
322 4021 343 4061 i.
357 4020 376 4059 B
394 4021 419 4069 13
434 4021 513 4060 littora
529 4019 546 4061 G
563 4021 747 4071 2311t0rariaG.
764 4022 833 4072 Neap.
901 4021 918 4074 i)
935 4022 1046 4063 Attianae
1062 4023 1080 4060 F
1098 4025 1117 4066 1.
1185 4021 1209 4075 lr)
1226 4024 1334 4064 dicebant
1350 4025 1370 4066 G
1386 4029 1396 4065 1

284 4088 367 4118 acon.
385 4078 404 4116 a.
464 4077 482 4128 1)
499 4079 586 4119 sissitas
602 4081 620 4118 F
637 4082 661 4130 13
677 4081 823 4121 sesciscitans
840 4079 861 4122 G
877 4083 896 4120 l.
964 4079 995 4132 m)
1011 4081 1103 4122 Italiam
1120 4079 1141 4121 G
1157 4081 1177 4122 a.
1239 4080 1264 4133 n)
1280 4088 1399 4133 superaret

284 4137 303 4176 F
319 4137 345 4186 ις
360 4147 379 4175 s.
395 4145 422 4176 ac
438 4136 515 4176 delere
530 4142 554 4178 et
569 4148 645 4182 o.eos
660 4149 683 4189 p.
699 4140 717 4179 F
734 4141 754 4180 2.
816 4137 839 4192 o)
855 4139 933 4190 perri
950 4140 970 4180 i.
1031 4139 1055 4192 p)
1071 4139 1165 4180 factat*
1183 4141 1203 4182 i.

286 4264 313 4332 1)
332 4268 413 4319 Venit
433 4267 621 4320 Constantinus
641 4276 768 4336 augustus
789 4271 822 4322 dc
848 4273 923 4337 regia
941 4271 1007 4322 urbe
1027 4287 1074 4338 per
1098 4271 1215 4323 litoralia
1232 4273 1261 4322 iu
1280 4272 1397 4326 Athenas

284 4345 311 4391 et
331 4340 426 4392 exinde
445 4341 571 4393 Tarento.
593 4341 625 4393 G.
641 4351 716 4409 pout.
743 4343 822 4398 Vitat.
