3040 5014
331 422 443 474 PAULI
461 422 635 474 HISTORIA
655 422 988 477 LANGOBARDORUM.
1183 429 1218 477 1s
1270 484 1272 498 Ι

95 592 183 658 libro
213 592 349 656 od’ulus
376 600 435 670 est,
474 591 532 675 qui
564 589 693 655 saeculo
723 591 773 655 VI.
805 601 955 674 esceunte,
992 592 1059 657 VII.
1085 595 1218 660 ineunte

96 679 184 741 uiuit
205 615 302 759 (obliit
322 699 353 740 a.
369 674 448 755 612)
471 684 500 736 et
519 674 624 738 Paulo
645 683 719 738 teste
740 678 945 740 ‘succinctam
967 677 1006 740 de
1026 678 1098 741 Lan
1124 679 1216 742 obar-

96 762 216 826 dorum
229 761 328 846 pestis
344 760 521 842 composuit
531 759 710 823 historiam'
725 765 743 842 (
743 759 798 839 IV,
809 759 867 841 42,·
884 759 926 845 cf.
937 761 1000 842 ΙΙΙ,
1012 761 1062 824 28.
1077 763 1099 824 Ι
1124 761 1185 844 ,27
1187 766 1216 844 ),

122 868 170 909 99
189 843 338 928 fortasse
366 844 464 907 etiam
487 843 678 927 antiquiora
697 841 758 906 illa
784 853 845 907 tem
871 866 931 908 ora
951 847 1082 931 tetipit1.
1128 845 1216 912 Certe

96 868 226 993 boelus
248 949 465 1014 quaecumque
487 927 525 990 de
540 927 634 990 rebus
649 948 674 988 s.
698 927 748 990 VI.
770 936 799 990 et
821 866 889 992 sil.
912 930 1010 1013 pestis
1025 931 1215 994 accuratius

96 1011 200 1097 refert
214 1035 254 1076 en
270 1012 330 1075 hac
346 1014 496 1076 sumsisse
518 1010 701 1094 *putandus
723 1019 767 1074 est
774 1021 795 1092 ²,
821 1034 885 1096 999
907 1013 1078 1076 destitutus
1094 1013 1311 1082 bresone-ss.

13 1169 14 1172 Ἴ
97 1107 128 1160 et
158 1098 297 1182 'ejunom
318 1103 443 1158 tontum
471 1103 648 1177 temporum
675 1094 936 1179 subsequentium
958 1098 1108 1160 notitiam
1130 1098 1218 1161 dedit

99 1181 140 1263 (1
168 1179 235 1260 ,23
257 1183 352 1263 epp).
396 1178 459 1243 His
480 1199 554 1241 vero
577 1201 616 1242 ea
636 1180 778 1242 inseruit
799 1202 882 1264 quae
904 1179 943 1242 de
965 1181 1218 1265 imperatoribus

101 1262 483 1346 Constantinopolitanis,
506 1261 544 1324 de
559 1263 689 1348 repibus
703 1263 918 1345 Francorum,
941 1264 981 1327 dc
1002 1266 1217 1348 scriptoribus

98 1347 339 1428 ecclesiasticis,
370 1347 409 1409 de
430 1349 626 1411 monasterio
648 1345 684 1410 S.
706 1346 877 1412 Benedicti
899 1357 1062 1432 comperta
1092 1349 1216 1431 habuit,

97 1433 148 1496 ita
170 1430 402 1530 utopeneralem
413 1429 490 1514 fere
513 1453 538 1493 s.
559 1430 653 1494 ΙΙΙ.-
662 1430 749 1495 WII.
766 1432 936 1496 historiam
951 1433 1109 1514 conderet,
1134 1456 1217 1517 9999

95 1516 255 1580 historiae
282 1515 452 1580 Romanae
480 1516 518 1577 in
544 1515 649 1578 medio
677 1514 804 1580 saeculo
835 1515 885 1580 VI.
915 1516 1091 1580 desinentis
1140 1520 1217 1582 uasi

95 1600 300 1664 continuatio
328 1601 436 1682 possit
468 1598 591 1662 haberi.
645 1597 700 1662 Ad
730 1622 850 1663 manus
882 1601 912 1664 ei
935 1598 1079 1678 fuerunt
1150 1603 1216 1665 inii

96 1684 238 1748 historia
253 1682 432 1762 naturalis,
454 1681 566 1746 Servii
587 1685 835 1747 commentarius
857 1683 894 1748 in
916 1683 1102 1769 Verpilium,
1124 1707 1217 1768 quem

98 1768 229 1832 Donati
243 1767 372 1830 nomine
385 1767 504 1830 laudat
518 1766 582 1849 (II,
597 1765 667 1847 23),
692 1765 869 1852 Cotolopus
878 1769 1133 1851 prouinciarum
1147 1769 1214 1832 Ito-

96 1852 163 1916 lioe
178 1850 274 1936 infra
288 1850 513 1933 edendus'(II,
525 1850 593 1932 20),
609 1850 734 1915 Isidori
749 1852 925 1916 chronicon
940 1861 968 1916 et
982 1851 1128 1938 Etpmolo
1154 1854 1216 1933 iae,

97 1934 254 2022 Greporii
278 1935 304 1997 I.
327 1929 448 2020 Mupni
480 1934 607 2020 dialopi
632 1944 661 2000 st
688 1936 858 2020 epistolae,
899 1933 998 2000 Gesta
1023 1875 1216 2020 pontificum

97 2021 323 2084 Romanorum
339 2018 384 2082 ool
399 2016 596 2104 Greporium
611 2019 656 2082 ΙΙ.
671 2043 710 2084 us
733 2043 772 2082 ue
788 2021 936 2102 deducta,
959 2021 1070 2084 Marci
1084 2043 1216 2084 carmen

96 2105 135 2168 in
150 2104 280 2167 laudem
295 2102 330 2167 S.
346 2103 517 2167 Benedicti
531 2104 577 2185 (I,
592 2102 661 2184 26),
714 2151 715 2154 ,
733 2105 796 2251 pip
822 2106 851 2168 ii
864 2105 934 2168 uita
949 2103 1110 2185 Severini,
1133 2103 1214 2168 Aut-

92 2190 276 2273 perlinita
299 2187 458 2251 Paldonis
480 2196 508 2251 et
525 2189 665 2252 Tasonis
688 2188 760 2270 (V,
818 2193 849 2268 ),
876 2188 1039 2254 Jordanis
1067 2188 1148 2253 liber
1176 2189 1215 2252 de

96 2272 193 2336 rebus
207 2269 326 2336 Geticis
349 2276 366 2354 (
366 2270 411 2351 ΙΙ,
429 2272 467 2335 17
469 2274 507 2352 )3
514 2320 524 2353 ,
548 2270 704 2357 Greporii
727 2273 924 2336 Turonensis
946 2273 1098 2336 Historia
1119 2272 1214 2337 eccle-

96 2357 234 2420 siastica
260 2355 481 2434 Francorum,
514 2359 551 2419 in
584 2379 651 2439 999
682 2355 786 2416 malta
818 2356 915 2417 etium
944 2356 982 2418 de
1009 2355 1214 2420 Francorum

97 2439 188 2504 bellis
215 2463 287 2503 cum
308 2440 383 2502 Lan
409 2438 542 2502 obardis
564 2439 661 2521 pestis
682 2438 836 2518 incenit4,
862 2437 973 2502 Bedae
994 2437 1075 2501 liber
1097 2439 1135 2502 de
1157 2460 1214 2502 seco

97 2523 258 2588 aetatibus
287 2545 365 2584 mun
390 2523 404 2584 i
434 2531 463 2584 et
492 2521 643 2584 Historia
674 2520 890 2585 ecclesiastica
917 2519 1118 2607 Anplorum,
1151 2522 1212 2586 Di-

97 2614 260 2692 pestorum
282 2606 382 2669 codem
403 2605 448 2687 (I,
464 2602 533 2684 25),
555 2605 693 2668 Edictus
713 2605 872 2669 Rotharis
894 2629 966 2669 cum
988 2606 1213 2671 additionibus

99 2688 287 2754 Grimoaldi
313 2689 357 2771 (I,
373 2687 423 2750 21.
454 2688 560 2770 1533)
567 2736 577 2768 ,
603 2711 618 2750 e
644 2689 806 2772 itaphium
826 2688 1003 2753 Droctonis
1031 2691 1118 2775 qaod
1145 2691 1212 2755 Ro-

96 2795 222 2838 oennae
237 2773 384 2836 eocstobat
399 2772 481 2854 (III,
497 2772 565 2852 19).
604 2711 690 2835 ssrae
704 2795 778 2836 ereo
789 2771 902 2856 fastos
917 2773 966 2836 uel
981 2773 1119 2838 annales
1134 2797 1159 2837 s.
1180 2775 1211 2839 V.

14 2933 15 2940 ἵ
97 2857 142 2940 (Ι,
158 2857 209 2921 25.
232 2857 276 2938 ΙΙ,
291 2855 363 2936 14),
382 2855 528 2940 fortasse
550 2858 646 2920 etiam
668 2855 852 2943 catolopum
874 2857 993 2921 ducum
1014 2858 1212 2922 Beneuentu-

95 2952 230 3006 norum⁵
253 2950 282 3003 et
296 2939 546 3024 Spoletanorum
566 2941 718 3005 habuisse
733 2941 908 3025 putandus
923 2951 976 3005 est.
1020 2939 1124 3007 Plura
1138 2965 1211 3007 cero

97 3047 198 3110 eaque
211 3028 328 3112 mopni
338 3023 506 3108 faciendo
520 3027 616 3089 etium
631 3047 671 3088 ea
687 3025 808 3109 populi
822 3047 875 3089 ore
891 3023 1025 3110 collspit,
1049 3028 1115 3090 sive
1138 3049 1210 3091 cor-

97 3206 165 3257 Acta
183 3212 246 3257 sunt
264 3223 345 3272 supra
363 3208 465 3273 scripta
484 3208 574 3257 omnis
592 3207 620 3255 in
648 3206 756 3256 civitate
775 3206 932 3257 Tridentino
957 3207 985 3255 in
1003 3207 1064 3258 loco
1083 3207 1212 3272 Anagnis,

95 3279 254 3347 precedente
279 3279 395 3346 Agnello
422 3281 548 3346 episcopo
574 3295 643 3330 anno
669 3279 694 3332 3.
721 3279 836 3346 expleto.
873 3280 932 3346 Ego
959 3279 1098 3331 Secundus
1120 3296 1212 3332 servus

15 3361 17 3368 ¹
97 3353 197 3405 Christi
215 3353 310 3420 scripsi
329 3353 380 3403 hec
401 3353 581 3404 conversionis
607 3367 682 3402 sacre
701 3352 845 3418 relegionis
870 3368 928 3403 mee
946 3368 1015 3402 9999
1037 3353 1079 3416 15,
1106 3354 1212 3419 imperii

96 3427 197 3477 Tiberii
222 3442 292 3476 anno
316 3428 410 3493 primo,
437 3442 528 3478 mense
547 3427 633 3488 Iunio,
652 3424 745 3476 indict.
767 3427 810 3477 13.
904 3423 932 3490 1)
958 3423 1074 3476 Secundi
1099 3426 1212 3477 codicem

98 3499 183 3551 adhuc
204 3517 225 3549 s.
246 3497 314 3550 XII.
338 3499 451 3551 Briniae
473 3498 570 3564 fuisse,
590 3498 692 3549 incerta
717 3507 754 3550 est
778 3499 887 3563 notitia;
913 3498 1037 3566 Emmert,
1064 3515 1109 3563 ap.
1130 3497 1209 3550 Mona

96 3572 224 3638 Anseiper
246 3572 325 3634 1839,
340 3590 372 3638 p.
392 3573 454 3625 282.
531 3570 560 3638 2)
582 3570 621 3637 Cf.
641 3571 736 3622 Baudi
761 3570 790 3624 di
814 3572 911 3633 Vesme,
936 3570 1035 3623 Edicto
1054 3569 1158 3622 Introd.
1172 3588 1206 3636 p.

96 3643 223 3708 LXXIV,
238 3646 285 3711 qui
303 3653 390 3697 tamen
408 3646 493 3697 nimia
503 3645 610 3712 fiducia
628 3644 660 3696 de
680 3644 790 3712 suspulis
809 3646 872 3696 locis
887 3644 1004 3712 judicat.
1044 3643 1118 3705 Quae
1138 3641 1209 3695 Oont.

96 3717 220 3783 Prosperi
237 3717 401 3770 Hauniensis
419 3720 452 3770 de
471 3716 658 3787 Langobardis
676 3728 772 3770 narrat
796 3727 889 3770 notatu
912 3719 991 3770 ualde
1010 3717 1094 3784 dipna
1113 3734 1145 3768 en
1164 3715 1210 3769 Sc·

96 3791 181 3842 cundo
200 3800 368 3855 99919999,
387 3792 537 3844 Bethmann
556 3791 650 3856 (Arch.
668 3791 702 3856 Χ,
719 3809 747 3856 p.
768 3792 843 3857 381),
863 3789 937 3842 Hills
957 3790 997 3856 (p.
1019 3791 1074 3856 10),
1095 3790 1144 3842 alii
1156 3799 1211 3842 sto-

98 3873 209 3916 tuerunt.
247 3863 303 3916 Sed
320 3873 388 3917 recte
406 3865 500 3917 Jacobi
522 3867 570 3918 hoc
588 3863 703 3933 nepauit.
784 3865 814 3930 3)
846 3864 931 3915 Unmn
956 3865 1024 3916 hunc
1050 3865 1134 3916 locrus
1156 3881 1211 3916 non

97 3937 186 4006 mapni
203 3940 332 4004 facerem
351 3937 405 3989 nisi
428 3940 457 3990 in
476 3939 586 3991 historio
611 3938 734 3989 Romana
758 3937 864 4004 saepias
883 3953 911 3988 eo
935 3953 999 3988 usus
1024 3946 1097 3990 esset.
1134 3936 1212 3990 Libri

96 4014 127 4066 de
144 4029 284 4082 repnorum
310 4013 469 4065 successione
494 4022 564 4065 certo
589 4011 700 4080 oestipia
724 4011 800 4062 haud
823 4009 930 4061 inueni·
998 4009 1026 4077 4)
1052 4010 1210 4079 Fredeporii

98 4085 222 4153 epitomen
242 4095 265 4137 et
287 4085 426 4138 chronicon
449 4085 519 4138 inter
542 4085 625 4137 Pauli
644 4087 737 4151 fontes
759 4103 813 4136 non
838 4082 979 4148 retulerim,
1008 4084 1207 4148 9999919999-

96 4177 237 4227 numquam
257 4160 311 4224 (II,
331 4161 357 4211 5.
377 4159 428 4224 IV,
451 4161 492 4213 15.
512 4161 557 4210 43.
576 4161 624 4224 50)
644 4157 743 4209 similia
761 4167 862 4210 narret.
937 4155 966 4224 b)
986 4156 1073 4208 illimis
1092 4166 1158 4209 certe
1178 4158 1210 4208 dc

98 4233 215 4285 chronico
234 4234 331 4286 ducum
357 4233 604 4285 Beneuentanorum
629 4232 744 4300 loquitur
762 4230 855 4284 Baudi
874 4231 903 4283 di
927 4231 1016 4282 Vesme
1034 4248 1060 4296 p.
1080 4229 1209 4282 LXXIV.

103 4307 162 4358 Tale
180 4306 204 4358 si
228 4308 374 4370 exstitisset,
402 4304 431 4358 in
457 4305 543 4358 Gestis
568 4323 625 4372 epp.
652 4305 898 4372 Neapolitanorum,
933 4304 994 4355 Vita
1018 4304 1132 4356 Barbati
1154 4305 1209 4370 ejus

98 4379 206 4449 uestipia
224 4381 421 4446 deprehendere
440 4381 601 4432 deberemus.

947 4478 980 4526 ,t
