3040 5014
308 457 342 506 22
538 451 648 504 PAULI
667 452 840 504 HISTORIA
859 451 1194 504 LANGOBARDORUM.

393 620 479 686 Sunt
501 621 629 706 quidem
650 642 733 706 quae
760 621 899 684 suadere
916 622 1058 705 possint,
1088 619 1271 684 Historiam
1292 619 1426 706 Laupa-

308 707 485 772 bardorum
506 727 571 770 non
594 705 687 769 semel
708 704 828 768 editam
851 725 927 784 esse,
949 705 1005 768 sed
1025 703 1078 768 illi
1099 727 1182 788 quae
1204 706 1241 768 in
1286 703 1362 770 leris
1385 727 1425 768 ae

308 799 413 856 enstat
435 789 598 854 codicibus
615 788 698 852 iibri
708 788 842 872 formae
865 787 967 852 aliam
986 789 1211 872 praecessisse.
1271 727 1424 853 uindice
1494 813 1495 864 r

309 876 394 941 enim
416 875 561 958 capitum
582 873 660 937 libri
682 873 732 937 VI.
752 873 868 935 ultima
883 873 947 936 duo
963 872 1111 956 capitula
1125 895 1192 936 non
1207 881 1322 936 notata
1337 883 1424 952 sunt,
1494 891 1495 936 4

309 956 402 1024 semel
422 962 518 1022 etiam
541 957 730 1022 antecedens
746 956 821 1040 (56)
841 957 1003 1038 omissum,
1026 958 1088 1019 eti
1113 977 1152 1020 sa
1174 957 1252 1020 baec
1275 956 1425 1041 capitula
1494 971 1495 982 *

310 1042 469 1125 (bb-58)
492 1041 599 1106 codici
626 1042 742 1105 desunt
770 1041 828 1126 qui
856 1040 1057 1126 sinpularem
1083 979 1183 1106 bauli
1209 1041 1426 1106 recensionem
1494 1087 1495 1104 .

305 1125 440 1212 praebet
456 1126 504 1208 (B
519 1125 539 1188 2
557 1124 653 1210 infra
667 1125 908 1206 nominandus,·
923 1125 955 1187 B
975 1125 988 1186 l
997 1126 1073 1209 jam
1080 1123 1150 1206 fine
1165 1125 1336 1189 destitutus
1350 1129 1424 1206 est).
1494 1121 1495 1128 '

310 1211 400 1275 Haec
423 1232 489 1273 non
511 1231 590 1273 raro
606 1207 705 1272 Pauli
726 1208 823 1272 uerba
837 1211 984 1288 mutauit,
1007 1209 1168 1294 quaedam
1183 1207 1279 1272 aliter
1293 1229 1423 1293 supres-

217 1305 254 1358 'n
263 1310 299 1350 28·
309 1297 368 1376 sit,
391 1295 552 1378 quaedam
574 1293 670 1357 etiam
691 1293 831 1373 addidit,
855 1315 937 1378 quae
960 1292 1000 1356 ab
1022 1293 1115 1376 *ipso
1131 1302 1262 1357 auctore
1271 1293 1424 1377 profecta

310 1400 374 1443 esse
397 1377 524 1442 credere
542 1399 664 1461 posses.
708 1375 773 1441 Sed
801 1375 871 1440 alia
896 1398 936 1439 eu
958 1398 1067 1441 errore
1095 1385 1177 1440 nata
1204 1378 1356 1440 videntur
1377 1377 1426 1440 uel

310 1471 391 1527 certe
406 1460 510 1524 Paulo
526 1461 617 1524 laud
632 1461 806 1524 tribuenda
818 1461 858 1546 (I,
871 1460 921 1523 21.
937 1459 1077 1544 adelingi
1086 1483 1152 1545 pro
1166 1458 1324 1544 Lithingi3
1336 1461 1381 1543 II,
1393 1459 1425 1524 9.

309 1541 535 1624 machedonus,
556 1545 748 1609 vocabulum
771 1567 911 1628 prorsus
939 1544 1129 1608 inauditum
1146 1567 1211 1628 pro
1239 1565 1308 1607 mar
1331 1543 1425 1628 ahie),

310 1631 359 1692 ita
386 1638 422 1691 ut
451 1631 670 1713 conjecturam
697 1628 789 1692 illam
815 1638 919 1692 tenere
948 1630 1005 1692 oin
1032 1628 1137 1692 liceat.
1180 1627 1280 1693 Paubi
1304 1567 1425 1693 bibrum

311 1713 500 1797 neutiquam
522 1713 811 1798 praumaticorum
837 1736 956 1776 manus
984 1714 1133 1792 evasisse,
1164 1715 1221 1799 qui
1250 1727 1424 1777 sermonem

310 1795 536 1944 elppantiorem
565 1796 699 1862 reddere
727 1797 900 1878 studerent,
931 1795 1007 1860 aliis
1035 1796 1198 1860 codicibus
1227 1799 1426 1881 comparatis

311 1905 326 1944 e
353 1903 488 1945 ocemur.

395 1965 483 2028 Nam
504 1986 578 2028 mou
594 1965 746 2028 Historia
761 1963 1057 2049 Lanpobardorum
1070 1963 1366 2048 mapnamfamam
1380 1973 1427 2027 cst

311 2057 410 2112 tracta
425 2049 642 2132 latissimeque
658 2049 840 2134 diuulpata.
869 2048 1022 2112 Andreas
1037 2047 1217 2134 Berpomas
1232 2057 1260 2110 et
1279 2047 1341 2112 alii
1356 2069 1428 2112 eam

312 2132 573 2196 continuandam
585 2141 822 2216 .susceperunt,·
845 2131 1092 2215 Ibrcbempertus
1112 2155 1164 2195 res
1178 2131 1428 2196 Beneventanus

311 2226 420 2304 pestus
449 2217 676 2300 descripturus
698 2217 744 2279 ad
769 2217 841 2301 ejus
871 2238 958 2280 ouem
984 2215 1049 2278 lum
1077 2225 1241 2299 prouocat.
1285 2213 1429 2300 Saepius

310 2309 463 2384 cacerpta
476 2299 587 2383 facta,
609 2300 703 2364 modo
726 2309 826 2363 utres
841 2239 1136 2385 Lanpobardorum
1158 2300 1286 2362 breuius
1309 2321 1429 2362 narra-

311 2394 436 2466 rentur,
458 2385 551 2448 modo
573 2386 623 2448 ita
637 2393 673 2446 ut
688 2405 727 2448 ea
763 2407 825 2448 uae
840 2384 951 2447 adres
966 2383 1136 2462 Romanas
1151 2392 1180 2447 et
1194 2381 1428 2448 ecclesiasticas

305 2468 516 2553 pertinebant
535 2469 715 2552 separatim
738 2407 992 2532 describerentur
1007 2471 1073 2550 (ita
1094 2471 1132 2532 in
1154 2467 1222 2532 cod.
1241 2465 1427 2532 Obeltenba-

312 2555 416 2616 mensi
438 2575 463 2615 s.
485 2553 560 2633 IX).
617 2551 701 2625 Queat
723 2561 777 2616 uot
805 2553 844 2617 de
872 2554 966 2616 rebus
987 2552 1249 2638 Lanpobardicis
1278 2561 1306 2616 et
1332 2550 1411 2615 Itali

308 2645 424 2721 postea
450 2645 593 2720 eperunt,
624 2575 723 2700 Paul·
749 2636 831 2700 libro
860 2638 915 2700 nsi
942 2646 1017 2700 ssent
1027 2649 1047 2698 ¹.
1090 2637 1180 2700 Inter
1207 2657 1287 2720 quos
1313 2645 1428 2699 auctor

313 2721 371 2803 qui
398 2717 497 2784 Gesta
529 2722 753 2804 episcoporum
781 2719 1075 2806 Neapolitanorum
1108 2721 1255 2784 condidit
1280 2722 1430 2804 primum

312 2805 350 2867 in
367 2803 467 2867 Italia
481 2801 584 2866 locum
599 2804 739 2868 obtinere
752 2805 897 2886 uidetur,
912 2805 949 2868 in
963 2804 1110 2867 Francia
1125 2804 1284 2888 Rapino².
1312 2803 1429 2866 Postea

314 2888 411 2951 etiam
437 2909 546 2950 rernm
567 2887 777 2952 Danicarurn
803 2892 943 2972 scriptor
965 2887 1056 2951 Sauo
1080 2885 1320 2949 Grammaticus
1341 2887 1429 2950 Pau-

313 2971 379 3034 lum
401 2969 574 3056 suscripsit
583 2981 604 3035 ³.
640 2971 770 3037 Codices
792 2995 864 3037 uero
886 2969 1139 3034 innumerabiles
1151 2968 1228 3054 fere
1244 2991 1308 3053 per
1330 2978 1429 3034 totam
1494 3001 1495 3004 ¹

314 3055 484 3139 Europam
505 3059 625 3139 sparsi,
646 3059 695 3120 ita
717 3066 753 3120 ut
773 3058 830 3121 uia
851 3055 952 3120 ullum
968 3077 1050 3138 opus
1066 3054 1264 3134 historicum,
1280 3055 1310 3117 si
1325 3076 1428 3118 unum

314 3141 456 3203 Martini
476 3139 502 3203 O
522 3143 694 3224 pariensis
715 3142 890 3205 chronicon
906 3140 1064 3222 accipias,
1081 3159 1144 3221 per
1157 3139 1298 3202 medium
1314 3161 1428 3202 aeuum

358 3225 404 3288 ies
425 3226 466 3288 sit
487 3163 682 3308 discriptum
711 3247 808 3310 quam
829 3223 929 3287 Pauli
950 3223 1101 3286 Historia
1122 3223 1427 3308 Laupobardorum.

314 3232 357 3287 tot

314 3308 504 3372 Etiamnum
532 3307 609 3392 plus
642 3331 740 3393 quam
772 3317 894 3372 centum
928 3315 1056 3370 eustant
1087 3306 1164 3370 libri
1199 3310 1427 3391 manuscripti,

314 3394 379 3458 sive
401 3393 532 3478 intepri,
555 3394 620 3456 sioe
641 3392 747 3456 mutili
754 3400 767 3436 ⁴
774 3414 786 3473 ;
810 3391 950 3456 aliorum
966 3391 1058 3475 apud
1072 3392 1260 3455 recentioris
1275 3393 1428 3476 temporis

314 3477 488 3560 scriptores
499 3478 647 3540 notitiam
660 3475 828 3557 habemus,·
844 3497 909 3539 non
917 3477 1025 3559 pauci
1030 3497 1171 3560 prorsus
1181 3476 1427 3540 interciderunt.

315 3620 386 3686 qnod
411 3628 502 3670 contra
521 3619 681 3670 Betbmanni
705 3617 859 3670 sententiam
886 3627 909 3671 et
934 3627 1026 3670 eontra
1052 3618 1169 3672 codicum
1195 3617 1295 3685 aliquot
1314 3617 1428 3670 auctori-

315 3701 394 3744 tatem
413 3709 445 3744 ae
465 3701 488 3744 et
507 3710 560 3742 non
579 3709 593 3742 s
613 3691 715 3758 scripsi,
735 3691 821 3744 codice
841 3693 1010 3758 epistolarum
1030 3691 1150 3760 Gregorii
1168 3689 1326 3743 Adalleardo
1340 3701 1427 3743 trans-

314 3765 393 3816 misso
418 3766 590 3831 approbatur.
642 3765 676 3814 In
700 3763 784 3830 ipsius
810 3763 935 3831 epistolae
964 3765 1103 3833 specimine
1127 3783 1145 3816 a
1176 3764 1331 3816 Mabitlonio
1358 3765 1427 3817 edito

315 3839 424 3907 lepitur:
444 3843 555 3902 aestate,
575 3845 645 3900 tuse,
664 3853 721 3908 pre.
797 3838 825 3904 1)
847 3838 963 3902 Quorum
982 3857 1106 3907 mapnam
1119 3847 1227 3904 partem
1252 3839 1328 3904 affert
1347 3839 1428 3890 Betb·

304 3927 396 3976 =mann
409 3929 440 3978 p.
468 3913 530 3962 316.
577 3909 698 3962 Omnium
721 3912 836 3978 primum
860 3911 1030 3964 Einhardum
1054 3911 1188 3973 uominat;
1216 3912 1262 3964 sed
1285 3911 1372 3964 nescio
1391 3928 1429 3963 an

316 3986 353 4037 ad
374 4001 488 4036 errorem
508 3985 603 4036 ductus
622 3983 720 4036 Perteii
743 3987 836 4049 uerbis,
863 3985 912 4037 SS.
938 3985 979 4050 II,
999 4003 1032 4052 p.
1051 3987 1112 4050 429,
1133 3983 1179 4052 qni
1197 4002 1229 4051 p.
1255 3985 1318 4036 431.
1346 3984 1428 4036 Gesta

315 4065 418 4110 tantum
443 4057 622 4124 episcoporum
646 4058 813 4110 Mettensinm
837 4057 948 4110 indicat.
1034 4055 1063 4125 2)
1081 4057 1148 4110 Ante
1173 4075 1233 4110 eum
1264 4056 1429 4124 Walafridus

315 4129 411 4183 Strabo
430 4131 513 4182 Pauli
532 4130 612 4182 Gesta
630 4129 868 4200 Langobardorum
883 4133 985 4195 laudat,
1005 4131 1047 4184 De
1059 4132 1113 4184 dic.
1127 4132 1170 4197 off.
1183 4149 1205 4182 c.
1221 4132 1263 4195 28,
1284 4133 1325 4184 ed.
1338 4129 1430 4198 Mepne

316 4203 414 4268 OXIV,
429 4223 459 4270 p.
481 4205 542 4255 962.
617 4203 645 4270 3)
666 4205 683 4256 l.
711 4205 790 4270 VIII,
810 4206 850 4257 ed.
870 4205 968 4257 Miller
981 4222 1012 4270 p.
1039 4205 1092 4254 418
1112 4221 1149 4270 sq.
1230 4201 1259 4272 4)
1278 4204 1430 4256 Betbmann

317 4295 342 4328 a.
365 4277 443 4328 1851.
465 4276 557 4340 (Arcti.
575 4275 609 4340 Χ,
623 4294 656 4342 p.
675 4279 741 4343 319)
763 4279 797 4327 98
816 4287 937 4342 recenset,
959 4280 992 4328 15
1011 4275 1159 4344 deperditos
1173 4277 1251 4344 lupet.
1288 4278 1371 4329 Hunc
1389 4294 1428 4329 se·

310 4349 407 4418 “quitur
425 4349 497 4412 Abel,
522 4349 625 4400 Ilransl.
643 4366 671 4415 p.
691 4349 766 4414 XXI,
787 4350 832 4417 qui
853 4353 904 4400 114
929 4360 1004 4404 notos
1029 4367 1082 4404 esse
1107 4348 1179 4402 dicit.
1220 4349 1298 4403 Nune
1318 4351 1369 4401 108
1388 4349 1429 4401 in-

316 4423 414 4486 dicare,
436 4440 457 4474 c.
477 4422 679 4487 recuperatus
699 4425 793 4490 afferre
813 4423 879 4476 licet.
