2994 4998
288 402 340 451 236
438 400 546 451 PAULI
566 399 738 452 HISTORIA
758 398 1093 451 LANGOBARDORUM.
1131 396 1202 447 LIB.
1222 398 1274 450 VI.

289 566 396 650 Quida
424 567 538 654 plura?
588 566 706 632 Contra
742 567 878 631 eundem
905 565 1092 630 Amatorem
1121 566 1315 650 episcopum
1347 567 1403 650 egit

288 674 424 738 eumque
446 652 485 716 de
506 650 649 716 Foroiuli
670 649 794 736 expulit
814 660 910 736 atque
931 651 966 712 in
991 648 1077 713 illius
1100 649 1211 712 domob
1234 650 1302 714 sibi
1323 647 1403 713 habi-

287 737 439 801 tationem
456 737 573 800 statuit.
606 735 696 798 Hac⁰
718 735 758 798 de
773 755 871 798 causa
890 734 1045 798 Pemmod
1061 733 1129 797 dux
1144 743 1255 797 contra
1271 733 1402 797 eundem

287 819 499 906 patriarcham
521 842 594 883 cum
613 818 719 882 multis
734 817 893 883 nobilibus
907 817 1130 902 Langobardis
1153 817 1329 882 eonsilium
1343 818 1405 880 iniit

287 903 583 989 adprehensumque
616 925 689 968 eum
721 903 763 966 ad
799 900 963 966 castellum
994 903 1154 983 Postume,
1192 901 1283 986 quod
1318 921 1406 985 supra

287 1010 375 1052 mare
408 990 504 1051 situm
537 997 597 1068 est,
636 986 729 1050 duxit
760 987 897 1072 indeque
923 1009 996 1050 eum
1024 987 1057 1048 in
1083 1007 1169 1050 mare
1195 986 1406 1072 praecipitare

287 1071 397 1153 voluit,
426 1072 482 1136 sed
510 1080 617 1136 tamen
638 1071 712 1134 Deo
738 1070 920 1135 inhibentel
953 1071 1085 1134 minime
1114 1069 1204 1152 feeit,
1230 1071 1322 1133 intra
1350 1089 1407 1130 car·

288 1178 394 1220 cerem
428 1165 536 1219 tamen
567 1177 640 1220 eum
674 1164 830 1219 retentum
858 1175 941 1240 pane
970 1151 1182 1218 tribulationis
1211 1153 1407 1218 sustentavit.

288 1239 384 1320 Quod
416 1263 475 1304 rex
506 1237 686 1324 Liutprand
717 1239 862 1321 audiens,
890 1239 924 1301 in
955 1249 1130 1322 magnam&
1164 1239 1246 1300 iram
1282 1237 1407 1316 exarsit,

288 1324 503 1410 ducatumque
517 1324 684 1387 Pemmoni
705 1322 860 1404 auferens,
881 1321 1042 1402 Ratehish,
1064 1323 1131 1385 eius
1152 1320 1263 1403 filium,
1288 1323 1325 1384 in
1349 1321 1407 1384 eius

288 1409 358 1473 loco
382 1408 548 1471 ordinavit.
582 1407 673 1470 Tunc
688 1408 821 1470 Pemmo
837 1428 910 1468 eum
925 1407 1006 1468 suisi
1034 1405 1199 1490 disposuit,
1221 1407 1311 1469 utin
1329 1403 1408 1468 Scla-

288 1515 401 1558 vorum
416 1494 552 1577 patriam
566 1490 725 1575 fugeretl3
751 1490 807 1554 sed
821 1489 950 1555 Ratchis
959 1491 976 1571 ¹,
999 1491 1067 1554 eius
1088 1489 1182 1572 filius,
1204 1511 1224 1551 a
1237 1513 1320 1574 rege
1343 1511 1409 1573 sup-

312 1575 442 1639 licavitm
481 1586 644 1660 atremque
658 1577 692 1637 in
706 1576 791 1658 regis
812 1575 948 1658 gratiam
969 1573 1106 1638 reduxit.
1143 1573 1291 1658 Accepta
1305 1575 1408 1658 itaque

171 1669 208 1725 'n
226 1675 277 1716 18³·
288 1599 421 1724 l'emmo
447 1598 574 1738 fipducia,
598 1658 703 1744 *quod
727 1656 805 1720 nihil
825 1656 900 1720 mali
919 1668 1090 1743 pateretur,
1117 1658 1158 1721 ad
1175 1669 1314 1741 regemn
1342 1677 1408 1718 curn

290 1743 437 1807 omnibus
460 1741 691 1828 Langobardis,
721 1743 856 1828 quibus⁰
880 1741 1047 1806 consilium
1069 1740 1233 1822 habuerat,
1256 1741 1407 1826 perrexit.

288 1828 380 1890 Tunc
401 1848 459 1890 rex
473 1827 526 1888 ine
548 1825 666 1889 iudicio
687 1825 837 1906 residens,
853 1827 1061 1890 Pemmouem
1083 1836 1114 1889 et
1135 1827 1203 1889 eius
1226 1825 1310 1888 duos
1334 1823 1408 1888 filios

287 1910 459 1974 Ratehaite
483 1919 514 1974 et
534 1908 727 1974 Aistulfinnr
753 1909 882 1974 Ratchis
912 1910 1102 1990 concedens,
1136 1931 1191 1973 eos
1221 1920 1298 1994 post
1322 1929 1407 1972 suam

287 1994 416 2060 sedems
446 1995 617 2058 consistere
644 1995 817 2080 praecepit.
861 1995 933 2058 Rex
952 2015 1028 2058 vero
1055 1992 1176 2058 elevata
1197 2014 1278 2058 voce
1302 2012 1408 2057 omnes

287 2077 357 2142 illos
391 2079 444 2165 qui
477 2079 644 2154 Pemmoni
677 2078 886 2142 adhaeserant
918 2079 1112 2141 nominative
1151 2076 1407 2162 conprehendere

287 2163 388 2226 iussit.
432 2163 523 2226 Tune
537 2161 728 2226 Aistulfumt
743 2161 884 2227 dolorem
906 2184 971 2226 non
985 2163 1099 2242 ferens,
1121 2163 1291 2246 evaginato
1308 2170 1406 2248 peneu

287 2247 395 2333 gladio
422 2259 524 2331 regev
549 2258 715 2332 percutere
743 2246 851 2327 voluit,
881 2247 942 2309 nisi
974 2269 1046 2310 eum
1067 2245 1206 2328 Ratchis,
1236 2268 1315 2309 suus
1344 2265 1407 2330 ger-

287 2353 410 2412 manus,
434 2329 635 2395 cohibuisset.
669 2331 742 2394 Hoc
756 2329 852 2394 modo
867 2329 916 2394 his
934 2328 1156 2414 Langobardis
1172 2328 1406 2414 conprehensis,

286 2415 485 2496 Heriemarw,
532 2416 565 2477 ui
586 2438 667 2478 unus
690 2427 748 2479 ex¹
771 2417 816 2479 eis
836 2415 947 2494 fuerat,
971 2415 1137 2499 evaginato
1159 2412 1277 2498 gladio,
1301 2410 1406 2476 multis

288 2523 321 2565 se
342 2437 593 2585 insequentihus,
621 2501 689 2584 ipse
719 2511 774 2562 sei
802 2496 934 2563 viriliter
963 2497 1163 2577 defensans2,
1193 2499 1228 2560 in
1254 2496 1406 2562 basilicaa

287 2581 373 2647 beati
386 2581 571 2647 Michahelis
587 2582 758 2665 confugitb,
781 2603 819 2644 ac
839 2581 953 2646 deinde
967 2583 1053 2666 regis
1075 2581 1295 2665 indulgentiac
1324 2578 1405 2644 solus

289 2668 500 2753 inpunitatem
521 2668 706 2752 promeruit,
730 2667 842 2730 ceteris
863 2665 958 2750 longo
981 2676 1124 2752 tempore
1141 2668 1175 2728 in
1195 2665 1336 2729 vinculis
1357 2684 1407 2728 ex·

291 2752 447 2815 cruciatis.

199 2848 278 2890 titt·
372 2837 444 2898 52st
486 2833 616 2896 Ratchis
638 2833 710 2898 deni
735 2857 774 2898 ue
800 2843 878 2919 aput
898 2833 1041 2898 Foroiuli
1060 2834 1136 2916 dux,
1158 2845 1193 2898 ut
1215 2834 1407 2909 dixeramus,

289 2919 431 2999 effectus,
446 2919 480 2979 in
496 2915 694 2980 Carniolam0
711 2856 898 2982 hlclavorum
913 2919 1049 3003 patriam
1065 2940 1138 2981 cum
1154 2918 1219 2980 suis
1234 2918 1405 3002 ingressus

287 3002 457 3086 magnam‘
478 2998 712 3064 multitudinem
735 3001 922 3066 Sclavorum
943 3002 1146 3082 interficiens
1169 3023 1279 3066 eorum
1301 3000 1406 3065 omnia

288 3085 475 3150 devastavit.
517 3083 584 3148 Uti
606 3105 679 3147 eum
702 3084 833 3149 Soiavis
862 3109 959 3173 super
987 3109 1060 3150 eum
1090 3086 1194 3150 subito
1224 3086 1404 3162 inruissent,

287 3179 318 3235 et
343 3171 412 3254 ipse
440 3167 545 3233 adhuc
571 3167 715 3233 lanceam
742 3192 832 3233 suam
861 3171 901 3235 ab
929 3173 1086 3256 armigero
1117 3191 1182 3232 non
1209 3168 1403 3247 abstulisset,

287 3331 436 3383 a)QniP1.
475 3329 856 3383 b)domusibiabitacioneF1.
894 3329 1080 3383 c)H(a)ecF1.
1099 3333 1191 3374 Gl-d.
1223 3331 1245 3384 d)
1262 3334 1334 3374 Pomo
1352 3331 1400 3372 Gt.

288 3390 309 3443 e)
325 3393 357 3430 ita
372 3392 404 3430 vet
419 3391 515 3430 Pontum
536 3392 557 3431 A
575 3395 593 3430 1.
609 3393 635 3430 F.
661 3391 681 3431 G
698 3393 718 3432 1.
735 3393 762 3441 2;
786 3392 882 3430 Pnoium
898 3391 929 3429 vel
944 3391 1037 3432 Putium
1060 3393 1080 3432 A
1097 3389 1128 3434 ⁸3.
1144 3393 1165 3432 3.
1182 3393 1202 3430 4.
1222 3392 1243 3433 G
1258 3394 1284 3442 45
1307 3393 1403 3432 Nonium

285 3452 335 3492 Ba.
349 3451 376 3500 45
392 3451 500 3490 Pontium
516 3452 548 3490 vet
563 3453 676 3492 Pontium
693 3450 716 3490 Ο,
734 3451 755 3489 D
777 3452 804 3490 Ε.
821 3470 843 3480 -
864 3450 1033 3499 apprehensum
1050 3453 1147 3491 eundem
1163 3451 1280 3491 calixtum
1297 3452 1402 3492 Pontium

286 3512 354 3550 situm
371 3511 436 3550 duxit
451 3511 511 3560 qnod
527 3522 545 3550 s.
561 3521 591 3550 m.
609 3513 643 3550 est
658 3511 758 3558 indeque
774 3510 792 3548 E
810 3511 830 3548 1.
898 3507 1052 3559 Oad..ente
1067 3510 1088 3549 A
1105 3514 1130 3560 13
1153 3515 1271 3551 annuente
1286 3511 1305 3550 n
1322 3513 1347 3559 13
1368 3511 1400 3548 in·

285 3570 403 3609 bibentem
420 3568 440 3610 G
457 3571 475 3608 1.
493 3571 518 3618 25
534 3569 653 3608 inhibente
670 3568 686 3608 G
703 3571 723 3609 1.
786 3568 809 3619 g)
826 3577 910 3616 magna
926 3569 961 3607 ira
978 3567 1004 3610 G.
1070 3569 1094 3621 h)
1110 3569 1191 3609 Ratbis
1208 3569 1225 3610 G
1241 3572 1252 3609 1
1271 3568 1402 3622 (scuposas

285 3629 379 3668 Ratobis
402 3633 421 3667 et
443 3627 545 3678 Rechts).
628 3625 645 3678 i)
662 3628 718 3666 deest
742 3625 762 3666 G
780 3629 798 3668 1.
816 3627 836 3666 2.
917 3625 942 3678 k)
959 3628 1074 3676 refugeret
1096 3629 1116 3668 A
1141 3630 1167 3678 13
1199 3629 1285 3676 fugiret
1308 3627 1365 3669 Gl.
1382 3627 1401 3665 2.

285 3687 303 3739 1)
320 3688 403 3728 Raobis
424 3687 443 3726 F
460 3689 479 3738 i,
503 3692 522 3726 et
537 3688 569 3726 ito
581 3691 666 3736 postca.
742 3686 773 3739 m)
790 3685 941 3735 supplicando
958 3687 1057 3726 obtinuit
1071 3688 1131 3737 patri
1147 3689 1240 3726 veniam
1257 3699 1355 3736 eumque
1371 3685 1401 3725 td.

282 3758 319 3796 pr.
335 3748 399 3787 Liad.
415 3751 461 3786 cett.
530 3743 554 3796 n)
570 3756 625 3794 rege
640 3745 658 3784 F
676 3747 699 3794 13
716 3755 729 3783 a
744 3755 798 3793 rege
815 3745 835 3784 A
852 3743 882 3784 ⁸3.
950 3745 973 3794 ο)
990 3757 1042 3784 enm
1058 3747 1140 3796 quibus
1157 3747 1182 3790 G.
1198 3748 1228 3785 D.
1245 3747 1265 3785 H
1282 3749 1302 3788 1.
1318 3747 1329 3786 1
1347 3749 1367 3786 1.
1383 3744 1402 3794 2,

286 3817 368 3846 ecorr.
385 3805 405 3846 G
423 3808 442 3846 1.
502 3802 525 3854 p)
542 3805 570 3844 ad
586 3805 637 3844 Pl.
698 3800 721 3852 q)
738 3804 829 3843 Retebit
845 3802 899 3852 A23
915 3803 1018 3844 Ratthait
1033 3805 1088 3854 At3
1104 3805 1197 3844 Retbait
1211 3806 1252 3846 11.
1313 3803 1332 3854 r)
1350 3803 1401 3845 Abi-

285 3865 380 3904 stulinm
395 3865 415 3904 A
432 3864 451 3904 3.
512 3862 531 3914 s)
548 3864 602 3903 sede
619 3863 639 3904 G
656 3865 680 3912 13
696 3866 792 3902 mortem
809 3861 829 3902 G
846 3863 866 3902 2.
927 3861 945 3912 t)
959 3863 990 3902 tta
1006 3863 1026 3904 A
1043 3866 1062 3906 1.
1081 3867 1100 3905 2.
1117 3865 1136 3903 F
1150 3867 1170 3903 1.
1188 3863 1208 3903 G
1222 3865 1247 3914 23
1263 3864 1401 3904 Adistulium

287 3923 307 3964 G
325 3927 349 3974 15
365 3923 469 3963 Abistulf
482 3921 502 3962 A
518 3924 544 3972 3?
559 3923 672 3962 Aietulfus
688 3926 732 3960 cett.
752 3941 776 3951 -
795 3922 874 3962 dolore
889 3922 907 3960 F
925 3924 944 3962 1.
963 3922 982 3962 G
999 3925 1019 3962 1.
1036 3924 1056 3963 2.
1113 3921 1137 3974 u)
1154 3923 1242 3964 acesto
1260 3926 1280 3962 1.
1331 3921 1355 3974 v)
1370 3923 1400 3960 tta

285 3982 305 4022 A
323 3984 343 4024 2.
357 3983 375 4020 P
392 3985 416 4032 1;
433 3992 509 4030 regern
526 3986 570 4024 cett.
646 3980 965 4033 w)flersemarc.1).11;
987 3982 1110 4024 Hermeiar
1126 3982 1145 4021 G
1161 3981 1196 4023 dc.
1271 3980 1296 4034 x)
1312 3985 1335 4022 et
1349 3981 1400 4022 effn-
1459 3973 1460 3994 ¹

286 4042 369 4080 eratF
386 4043 406 4080 1.
466 4041 488 4091 y)
506 4041 560 4080 deest
576 4039 597 4080 G
613 4041 678 4079 1-5.
745 4037 767 4090 z)
784 4040 890 4080 defensus
905 4039 924 4078 F
941 4041 960 4079 1.
978 4039 999 4080 G
1015 4043 1079 4082 1-3.
1148 4042 1171 4092 a)
1188 4042 1219 4080 tta
1234 4041 1255 4080 A
1272 4043 1291 4081 1.
1309 4043 1329 4082 2.
1345 4042 1363 4082 Β
1381 4041 1401 4078 2.
1459 4037 1460 4062 l

286 4101 305 4139 E
322 4101 342 4141 1.
357 4099 376 4138 F
393 4101 412 4138 1.
428 4099 448 4138 4.
465 4099 485 4139 G
503 4103 520 4140 1.
538 4101 562 4149 23
578 4100 697 4139 basilicam
713 4099 781 4141 ceteri.
846 4096 870 4148 b)
888 4099 976 4139 consuit
990 4101 1008 4138 F
1025 4103 1045 4140 1.
1114 4097 1134 4150 c)
1151 4100 1319 4148 indulgentium
1334 4099 1354 4140 A
1369 4095 1398 4138 ’3.

287 4157 310 4209 d)
326 4159 364 4197 hoc
380 4163 398 4196 et
413 4169 503 4207 sequena
518 4170 565 4208 cap,
582 4170 621 4198 om.
640 4158 657 4198 0
673 4160 693 4207 4,
709 4159 732 4197 itt
744 4159 790 4208 fine
804 4158 858 4197 stati
873 4157 923 4196 titrt
934 4163 1022 4208 ponunt
1046 4159 1143 4200 (Ji-3.
1168 4159 1189 4198 D
1207 4157 1398 4210 linquontur

290 4218 311 4256 D
330 4219 340 4256 1
357 4218 428 4256 itata
444 4217 540 4266 maraine
555 4221 653 4256 notatum
668 4222 710 4256 eet:
732 4218 808 4256 Parva
823 4227 883 4265 quae
899 4217 936 4257 hic
953 4218 1035 4258 desunt
1050 4219 1074 4256 in
1090 4217 1135 4256 fine
1151 4217 1219 4256 huius
1234 4219 1288 4258 iibri
1304 4218 1397 4266 require,

285 4279 338 4326 post
353 4275 422 4316 tinem
439 4276 526 4315 scilicet
541 4280 600 4316 sexti
614 4277 677 4328 libri,
694 4279 716 4316 et
732 4277 765 4315 sic
781 4277 870 4316 demum
887 4276 915 4315 ad
931 4279 1051 4326 superiora
1067 4287 1172 4325 recurre;
1189 4276 1206 4317 O
1223 4278 1248 4318 3:
1264 4278 1307 4317 Hie
1323 4278 1335 4316 2
1351 4286 1396 4324 cap,

286 4336 485 4385 desuntquaein
502 4335 634 4374 ealcelibri
651 4336 856 4385 conscripserunt
927 4335 948 4388 e)
965 4335 1097 4377 Carnoilam
1112 4334 1133 4374 D
1150 4335 1171 4376 2.
1189 4337 1208 4378 3.
1283 4335 1398 4388 omarus

285 4395 432 4435 multitudine
447 4395 466 4434 i*
483 4395 502 4434 1.
521 4393 541 4434 G
557 4396 577 4436 1.
639 4392 662 4446 g)
679 4393 766 4434 Sciatis
782 4393 803 4433 A
820 4397 839 4434 1.
856 4395 874 4434 F
891 4396 911 4434 1.
