3040 5014
315 431 424 483 PAULI
443 431 615 483 HISTORIA
634 431 966 484 LANGOBARDORUM.
1131 431 1134 438 '
1161 435 1196 484 17

86 602 248 666 Iohannes
278 599 518 664 Vulturnensis¹
528 647 538 680 ,
566 598 770 686 Romualdus
799 598 1066 680 Salernitanus¹,
1095 600 1195 665 iatius

79 693 335 770 propaqarunt:
359 682 498 748 Pandam
520 682 747 748 consiliarium
767 682 1008 748 dilectissimum
1031 693 1059 746 et
1071 684 1195 766 fidelis·
1234 734 1239 742 .

84 771 202 834 simum
224 769 311 855 repis
333 767 503 832 Desiderii
524 766 641 847 fuisse,
664 788 726 850 qao
749 768 870 832 deuicto
900 767 948 831 bis
970 776 1054 832 terve
1074 769 1111 832 in
1126 769 1193 833 Ka-

83 853 148 918 roli
167 875 272 916 necem
293 874 364 916 eum
386 853 601 936 conspirasse,
624 851 696 915 ideo
720 851 796 916 aliis
814 853 931 936 poenis
952 851 1137 917 relocatum
1157 855 1195 916 in

83 937 219 1002 ceciliam
239 937 373 1000 missum
395 957 477 1016 csse,
499 935 555 999 sed
567 934 662 1020 fuya
684 934 830 1020 elapsum
851 945 927 1000 tunc
950 935 1076 1000 demum
1091 937 1193 1001 Bene-

84 1029 212 1086 uentum
235 1020 280 1083 ad
302 1019 413 1084 ducem
434 1018 581 1084 Arichim
603 1020 736 1100 uenisse,
759 1019 816 1083 hoc
837 1029 962 1084 mortuo
984 1021 1021 1084 in
1043 1019 1078 1087 S.
1093 1021 1195 1086 Bene-

84 1107 164 1170 dicti
185 1104 333 1169 coenohio
355 1112 487 1168 sanctae
508 1101 678 1188 reliqionis
700 1102 813 1167 habitu
833 1103 984 1166 indutum
1006 1125 1070 1168 esse
1098 1107 1196 1168 etita

84 1211 184 1274 usquc
217 1189 261 1252 ad
294 1189 378 1252 uitae
402 1185 504 1270 finem
536 1196 564 1250 et
595 1186 778 1252 litterarum
809 1187 918 1250 studio
950 1196 979 1249 et
1015 1187 1195 1252 humilitate

17 1325 18 1328 η
86 1295 209 1338 necnon
231 1281 260 1335 et
286 1273 506 1336 taciturnitate
534 1270 729 1334 enceiluisse.
780 1270 892 1354 Neque
921 1272 1039 1335 rectius
1069 1271 1195 1336 Paulus

85 1355 324 1442 Aquiieqiensis
342 1355 493 1420 ecclesiae
514 1355 675 1418 diaconus
689 1355 842 1434 dicitur³,
864 1354 920 1418 sed
942 1356 979 1418 in
1001 1357 1195 1419 monasterio

17 1437 18 1440 '
86 1440 259 1506 Casinensi
280 1440 366 1504 hunc
383 1441 530 1523 primum
551 1439 678 1504 ordinis
699 1437 907 1503 ecclesiastici
920 1439 1087 1524 pradum*
1108 1461 1193 1504 asse·

17 1521 18 1524 '
83 1533 175 1589 cutus
202 1545 268 1588 esse
292 1524 466 1608 putandus
494 1531 548 1586 est.
605 1521 695 1596 Quae
724 1544 797 1586 oero
827 1523 866 1586 de
897 1525 1123 1587 commentario
1155 1525 1191 1586 in

83 1609 232 1694 requiam
253 1607 288 1672 S.
304 1607 475 1672 Benedicti
496 1609 635 1690 scripto⁵
658 1616 686 1669 et
702 1607 844 1752 palatio,
867 1607 954 1691 quod
974 1609 1011 1670 in
1033 1607 1110 1670 urbe
1132 1629 1194 1671 sua

84 1693 217 1757 Aricinis
238 1692 307 1756 dun
328 1699 563 1772 construxerat,
586 1713 606 1754 a
628 1690 733 1754 Pauo
755 1690 898 1754 uersibus
914 1699 1028 1756 ornato
1044 1689 1192 1756 Salerni·

83 1786 184 1841 tanus
201 1776 314 1855 tradit,
337 1784 499 1860 comperta
522 1774 636 1839 babere
654 1775 771 1860 potuit.

84 1903 151 1954 derii
177 1904 293 1954 notarius
320 1902 368 1953 sub
388 1901 582 1951 Theodamario
603 1901 700 1950 abbate
720 1899 754 1950 ad
775 1900 901 1951 Casinum
928 1903 1083 1966 perveniens
1103 1917 1193 1952 mona·

85 1977 233 2042 sticumque
253 1991 344 2027 scema
356 1975 512 2041 suscipiens,
531 1976 682 2037 sanctitate,
700 1975 832 2038 gravitate
845 1989 893 2025 suo
912 1979 1030 2041 tempore
1043 1975 1195 2040 singularis,

85 2049 254 2116 philosophia
267 2065 373 2114 quoque
392 2064 409 2098 a
427 2049 541 2114 pueritia
555 2047 681 2110 eruditus.
720 2047 876 2114 Composuit
888 2048 915 2096 in
927 2047 1035 2098 laudem
1048 2049 1195 2100 beatissimi

84 2123 226 2174 Benedicti
239 2138 330 2173 versus
351 2121 473 2186 elegiaco
492 2125 576 2171 metro
590 2121 724 2186 digestos3
744 2121 855 2186 hymnos
869 2137 974 2186 quoque
993 2124 1079 2172 sancti
1098 2121 1195 2173 Iohan-

84 2199 124 2248 nis
144 2197 278 2261 baptistae
297 2197 436 2260 sanctique
454 2194 608 2258 Benedicti,
627 2207 719 2246 versns
739 2194 773 2244 ad
794 2194 918 2244 carolum
937 2196 1136 2260 imperatorem,
1161 2195 1196 2244 ad

84 2270 189 2320 Arichis
199 2270 415 2319 Beneventanum
430 2269 586 2335 principem,
605 2268 744 2333 sanctique
754 2268 894 2318 Fortunati
907 2269 1027 2334 episcopi
1039 2270 1121 2318 vitam
1141 2268 1195 2318 ele-

83 2347 178 2409 ganter
192 2341 344 2408 descripsit3
359 2341 482 2392 homilias
496 2356 602 2406 quoqne
616 2342 819 2406 quinquaginta,
833 2342 919 2392 sancti
929 2340 1062 2406 pontificis
1074 2342 1196 2407 Gregorii

84 2418 175 2478 vitem,
194 2416 221 2464 in
240 2414 333 2480 regula
352 2415 439 2465 suncti
457 2413 597 2464 Benedicti
618 2415 818 2478 expositionem,
844 2429 876 2463 uc
895 2413 929 2463 de
947 2415 1069 2480 ingressu
1088 2414 1195 2480 Lango-

84 2489 225 2539 bardorum
245 2489 272 2537 in
291 2487 406 2548 Italiam,
427 2487 529 2550 origine
548 2501 683 2551 regnoque
704 2502 793 2537 eorum
812 2487 948 2538 historiam
968 2487 1048 2538 valde
1075 2485 1195 2537 luculen-

84 2567 140 2612 tam
161 2559 254 2610 edidit.
291 2560 323 2608 In
342 2559 452 2610 historia
475 2564 563 2608 autem
583 2560 704 2625 Eutropii
729 2576 807 2625 quam
833 2561 946 2627 plurima
965 2559 1093 2610 adiunxit.
1131 2561 1195 2611 Uni·

84 2649 177 2685 versae
202 2633 281 2682 etiam
307 2630 483 2683 lectiunculas
509 2647 525 2680 a
549 2633 679 2698 principio
705 2634 797 2684 mundi
816 2649 899 2698 usque
926 2633 1053 2684 adenem
1080 2638 1195 2684 aetatem

86 2721 218 2758 unacum
240 2704 329 2754 annali
350 2709 472 2772 computo
497 2705 618 2756 rithmica
645 2708 798 2772 composuit.
837 2707 901 2757 Fuit
919 2711 1009 2756 antem
1034 2707 1195 2772 temporibus

87 2777 178 2830 Caroli
201 2779 375 2843 imperatoris.
414 2778 538 2844 Sepultus
565 2785 605 2830 est
632 2780 660 2828 iu
689 2779 783 2830 eodem
814 2779 925 2830 cenobio
954 2781 1026 2830 iuxta
1053 2780 1195 2832 eeclesiam

85 2854 172 2906 sancti
197 2851 337 2901 Benedicti
364 2857 425 2902 ante
450 2852 602 2918 capitulum.
643 2850 682 2918 Cy.
706 2869 774 2918 quae
799 2844 831 2904 dc
860 2851 900 2903 his
928 2853 1028 2903 monuit
1045 2848 1196 2904 Buttmann

80 2943 112 2994 p.
127 2926 177 2974 251
199 2942 227 2974 n.
313 2921 340 2990 1)
360 2925 536 2988 MuratoriI,
558 2927 582 2988 2,
599 2942 628 2990 p.
648 2926 710 2976 326.
795 2924 823 2991 2)
843 2924 977 2976 Muratori
1001 2925 1063 2988 VII,
1085 2943 1112 2991 p.
1134 2927 1196 2976 144.

87 2999 148 3049 150.
187 2997 222 3048 In
240 3014 310 3048 noua
334 2995 386 3049 δ’δ’.
420 2998 476 3049 Vol.
496 2997 572 3048 XIX.
598 2998 710 3050 editione
736 2997 840 3050 omissa.
915 2999 944 3065 3)
971 3017 993 3050 c.
1014 2999 1057 3062 37,
1080 3017 1111 3064 p.
1132 2999 1195 3050 489.

88 3070 164 3134 Quod
189 3069 243 3122 Leo
269 3070 363 3122 omisit.
438 3069 468 3136 4)
488 3071 590 3122 Paulus
617 3088 634 3121 a
653 3088 680 3123 sc
698 3072 755 3137 ipm
780 3072 810 3122 in
828 3071 936 3123 homilia
961 3072 994 3124 dc
1013 3089 1034 3122 s.
1053 3071 1196 3124 Benedicta

87 3144 249 3210 (Bethmann
263 3161 294 3209 p.
314 3143 380 3209 ³02)
401 3151 424 3195 et
444 3161 461 3193 a
487 3144 589 3196 concute
607 3143 758 3210 saepissime
783 3143 927 3196 ‘diaconus'
946 3153 1071 3206 uocatum·
1092 3143 1197 3208 ‘leuita',

85 3217 157 3284 quod
184 3217 254 3268 idem
282 3215 428 3284 almificat,
471 3217 500 3266 in
522 3215 655 3282 epitaphio
687 3225 710 3268 ct
740 3218 769 3268 in
798 3217 928 3270 Johannie
959 3218 990 3270 G.
1020 3234 1079 3284 epp.
1110 3218 1196 3285 Neop.

87 3289 126 3357 Cy.
145 3289 303 3352 Bethmann,
321 3307 349 3355 p.
370 3291 421 3339 254
441 3307 468 3340 n.
490 3289 626 3342 ‘diaconus
646 3298 669 3343 ct
682 3289 865 3356 philosophus'
889 3290 966 3342 audit
984 3292 1013 3342 in
1032 3292 1088 3342 cod.
1110 3290 1197 3343 Oasin.

90 3363 193 3430 (Mipnc
198 3381 229 3429 p.
242 3363 334 3428 1574).
391 3362 419 3427 5)
431 3381 452 3414 c.
463 3363 506 3425 37,
516 3381 548 3428 p.
559 3363 625 3414 488:
643 3365 690 3416 Set
703 3364 764 3415 dum
775 3365 854 3416 valde
867 3365 960 3416 fuisset
969 3381 1064 3431 nempe
1078 3371 1168 3417 oratus
1182 3383 1198 3415 a

86 3442 161 3503 patre
176 3439 259 3504 ipsius
269 3437 423 3488 monasterii
432 3435 563 3502 simulque
577 3437 675 3504 quippe
690 3443 717 3488 et
729 3453 746 3487 a
758 3438 890 3501 iratribus,
903 3444 933 3488 ut
945 3438 1108 3504 praedictam
1119 3454 1197 3504 regu·

86 3509 149 3572 lam,
164 3509 290 3576 quicquid
302 3510 438 3561 obscurius
449 3511 568 3560 invenire
578 3510 687 3574 ibidem,
700 3512 728 3560 in
743 3512 834 3576 patulo
847 3511 979 3577 proderet,
993 3511 1050 3577 ipse
1060 3527 1124 3563 vero
1135 3512 1197 3562 obe-

88 3582 191 3634 dienter
209 3583 366 3634 omnimodis
380 3583 487 3634 setalia
505 3583 628 3634 nimirum
641 3583 787 3650 adimplere
805 3585 950 3650 respondit,
970 3591 1050 3650 atque
1070 3583 1197 3650 quicquid

89 3655 226 3706 obscurius
244 3656 345 3706 ibidem
364 3657 498 3722 repperire
516 3658 611 3722 potuit,
631 3656 744 3708 mirabili
770 3657 899 3708 relatione
918 3659 946 3707 in
963 3656 1055 3724 patulo
1080 3656 1196 3722 protulit,

88 3727 263 3794 codicemque
282 3727 356 3780 illum
375 3730 463 3796 ‘super
480 3729 609 3795 regulam'
635 3730 765 3797 appellari
790 3731 934 3798 praecepit.
974 3731 1085 3796 Scripsit
1110 3735 1200 3782 autem

89 3807 115 3852 et
134 3801 188 3852 alia
206 3801 333 3852 nonnulle
352 3803 481 3870 opuscula
500 3819 620 3854 sermone
640 3803 784 3855 luculento.
824 3803 863 3871 CJ.
883 3804 931 3854 hac
951 3804 983 3855 dc
1001 3819 1029 3853 rc
1048 3802 1198 3854 Buttmann

83 3891 115 3940 p.
136 3875 198 3926 299.
243 3873 329 3926 Ooden
351 3875 490 3928 Bobicnsir
515 3893 536 3926 e.
568 3874 601 3928 X.
628 3885 717 3942 aperte
742 3877 817 3927 dicit:
841 3878 940 3942 Incipit
966 3877 1095 3942 expositio
1120 3877 1198 3929 Pauli

89 3948 196 4000 diaconi
215 3965 294 4016 super
318 3950 439 4015 regulam
465 3951 550 4000 sancti
570 3950 712 4000 Benedicti
737 3950 849 4000 abbatis.
889 3947 938 3999 Cui
948 3949 1031 4016 fidem
1049 3949 1198 4001 habendam

88 4037 142 4072 esse
156 4029 233 4087 puto.
254 4050 289 4060 —
309 4021 379 4074 ibid.
401 4040 433 4088 p.
453 4023 522 4072 489:
546 4024 633 4089 ipsum
652 4023 789 4089 palatium,
813 4021 883 4089 qnod
903 4023 1075 4090 princeps...
1092 4023 1197 4075 Arichis

87 4096 181 4146 struxit
193 4097 221 4145 in
240 4102 386 4147 memorata
406 4096 573 4148 Salernitana
586 4097 659 4159 urbe,
679 4096 797 4162 undique
810 4098 896 4163 ipsum
909 4097 1028 4148 versibus
1047 4096 1197 4148 illustravit.

89 4167 137 4219 Set
156 4170 219 4234 quia
241 4171 348 4221 fuerunt
373 4170 532 4235 sequestrati
552 4175 578 4220 et
602 4175 709 4236 propter
732 4171 811 4236 longo
837 4176 956 4236 tempore
981 4174 1042 4221 sunt
1064 4171 1198 4234 vetustati,

88 4257 226 4292 numerare
246 4243 390 4308 legereqne
409 4243 470 4294 illos
489 4244 665 4308 nequivimus.
703 4242 770 4293 Nam
797 4245 819 4294 si
845 4245 872 4294 in
897 4259 950 4294 una
975 4245 1072 4310 qnippe
1098 4244 1198 4310 pagina

17 4311 18 4364 j
86 4313 199 4366 tuissent
224 4318 300 4379 nexi,
330 4332 484 4382 comparare
509 4317 570 4368 illos
594 4317 712 4383 profecto
737 4317 912 4382 potuissemus
935 4317 1039 4367 Maroni
1063 4317 1198 4367 volumina

86 4387 208 4438 nimirum
231 4391 378 4454 Catonique
404 4391 460 4440 sive
480 4391 598 4456 profecto
626 4391 659 4440 de
686 4389 745 4440 aliis
771 4391 904 4456 sophistis.
937 4388 1015 4438 'Num
1042 4389 1151 4440 ‘Versus
1170 4386 1199 4438 in

920 4470 935 4517 2
