3076 5004
308 427 358 474 116
453 425 564 476 PAULI
584 422 759 475 HISTORIA
778 422 1114 475 LANGOBARDORUM.
1153 423 1224 474 LIB.
1244 423 1297 474 ΙΙΙ.

306 592 368 656 sibi
406 600 530 656 tantum
561 591 687 654 tertiam
719 598 927 654 reservantes.
985 588 1174 655 Noleniibus
1216 600 1323 655 autem
1355 590 1431 674 illis,

307 675 490 762 optulerunt
522 695 596 736 cum
629 683 712 737 terra
750 674 845 736 etiam
878 673 984 735 omnia
1016 694 1148 758 pecora,
1181 682 1307 738 tantum
1340 684 1376 739 ut
1409 696 1431 738 a

306 758 410 824 bello³
433 767 600 822 cessarent.
645 756 710 820 Sed
738 779 797 820 nec
822 754 883 819 hoc
906 755 1050 822 Saxones
1072 757 1330 842 adquiescentes,
1361 780 1430 823 cer-

306 853 413 906 tamen
427 851 582 926 expetunt
602 850 699 925 atque
719 841 802 904 inter
816 861 850 902 se
865 848 937 903 ante
953 851 1121 922 certamen,
1137 840 1274 926 qualiter
1288 843 1428 905 uxoresl

307 927 486 990 Suavorum
498 924 686 1004 dividerent,
701 933 854 988 statuunt.
878 922 943 987 Sed
957 944 1022 987 non
1037 926 1082 989 eis
1097 934 1133 988 ut
1143 925 1300 1009 putabant
1311 926 1427 991 evenit.

307 1010 390 1073 Nam
406 1009 576 1073 commisso
592 1007 723 1094 proeli0,
745 1008 858 1092 viginti
875 1005 963 1069 milia
985 1029 1026 1070 ex
1048 1009 1094 1071 eis
1108 1009 1319 1093 interempta⁰
1342 1019 1428 1092 sunt,

309 1094 488 1158 Suavorum
509 1114 585 1156 vero
600 1091 845 1177 quadringentid
868 1092 1074 1175 octuaginta⁰
1097 1092 1288 1174 ceciderunt,
1311 1092 1428 1178 reliqui

307 1199 383 1242 vero
410 1177 577 1241 victoriam
605 1176 746 1261 capiunt.
793 1173 860 1238 Sex
888 1173 976 1237 milia
1004 1197 1132 1261 quoque
1162 1176 1341 1258 Saxonum,
1372 1179 1430 1262 qui

308 1260 392 1326 bello
421 1259 655 1346 superfuerant,
688 1259 900 1339 devoverunt,
934 1259 987 1322 ser
1023 1281 1128 1344 neque
1159 1257 1292 1324 barbam
1324 1283 1429 1346 neque

309 1343 441 1431 capillos
469 1344 636 1423 incisuros,
665 1344 727 1406 nisi
754 1365 787 1406 se
817 1341 856 1407 de
887 1343 1002 1406 Suavis
1024 1342 1168 1407 hostibus
1190 1342 1428 1408 ulciscerentur.

311 1429 376 1509 Qui
398 1429 514 1493 iterum
540 1448 682 1512 pugnam
711 1425 948 1510 adgredientes,
975 1425 1180 1492 vehementer
1208 1428 1316 1492 adtriti
1345 1437 1429 1510 sunt,

209 1572 217 1592 ,
311 1522 342 1576 et
363 1513 410 1576 sic
431 1534 451 1574 a
471 1509 554 1574 bello
577 1511 800 1595 quieverunt&

171 1605 298 1674 sis-'sm

264 1574 299 1615 ⁹⁶'
394 1596 446 1659 *8.
489 1596 586 1658 Postl
605 1593 683 1658 haec
697 1603 762 1658 tres
777 1593 1063 1678 Langobardorum
1074 1593 1181 1676 duces,
1204 1594 1237 1658 id
1252 1606 1300 1659 est
1313 1593 1428 1678 Amor,

310 1677 422 1742 Zaban
451 1699 488 1740 ae
515 1678 677 1759 Rodanus,
711 1677 832 1742 Gallias
859 1679 1057 1764 inruperunt.
1114 1678 1158 1742 Et
1185 1679 1269 1742 Amo
1297 1678 1428 1763 quidem

308 1762 572 1828 Ehredunensem
602 1782 736 1848 carpens
770 1762 873 1843 viam,
909 1783 1010 1848 usque
1043 1761 1287 1844 Machoavillai,
1331 1785 1428 1848 quam

308 1845 506 1910 Mammulus
528 1868 658 1909 munere
687 1846 771 1929 regis
793 1856 960 1930 meruerat,
988 1847 1122 1910 accessit
1142 1847 1250 1931 ibique
1271 1847 1428 1910 tentoriall

309 1931 395 2012 fixit,
417 1930 530 1994 Zaban
560 1950 638 1993 vero
692 1951 726 1993 er
747 1929 920 1994 Deinsem¹
948 1929 1145 1994 descendens
1167 1930 1295 2011 urbem,
1325 1951 1427 2016 usque

309 2013 491 2078 Valentiam
519 2015 621 2094 venit,
687 2011 808 2076 odanus
838 2023 945 2078 autem
973 2011 1245 2098 Grauanopolinr
1267 2015 1428 2078 civitatem

309 2097 480 2183 adgressus
502 2107 558 2161 est.
601 2097 645 2160 Et
658 2096 742 2160 Amo
765 2096 896 2182 quidem
910 2096 1148 2161 Arelatensemn
1170 2096 1340 2162 debellavit
1357 2119 1429 2182 pro·

309 2181 449 2245 vinciam
478 2202 552 2244 cum
579 2180 712 2246 urbibus
736 2183 811 2267 qui⁰
832 2182 1035 2245 circumsitae
1064 2182 1172 2262 sunt*;
1202 2192 1233 2246 et
1261 2203 1298 2244 us
1323 2203 1363 2245 ue
1387 2180 1429 2244 ad

310 2265 416 2350 ipsum
445 2264 624 2350 Lapideum
662 2285 822 2349 campum,
862 2265 917 2349 qui
945 2264 1071 2328 adiacet
1102 2263 1176 2328 urbi
1205 2203 1427 2347 Massiliensis,

309 2348 480 2430 accedens,
502 2349 671 2413 universa²
695 2370 776 2434 quae
791 2348 971 2433 repperire
992 2358 1118 2434 poterat
1132 2347 1345 2435 depopulatus
1366 2359 1428 2432 est5

336 2473 428 2541 *)13
450 2475 540 2526 addit:
564 2492 675 2542 quorum
704 2477 812 2526 nomina
831 2475 881 2525 hec
901 2479 976 2526 sunt:
997 2475 1120 2541 Aviuion,
1147 2476 1285 2538 Arausica,
1317 2477 1426 2540 Vasion,

381 2550 541 2615 Vapincum.
585 2550 627 2599 De
653 2549 759 2615 presule
787 2549 870 2614 ipsius
897 2549 978 2599 urbis.
1025 2549 1080 2600 Sub
1105 2550 1163 2615 ipso
1190 2556 1308 2616 tempore
1335 2550 1427 2600 urbem

381 2623 451 2672 hanc
468 2630 495 2672 et
514 2622 657 2672 ecclesiam
677 2621 803 2672 nobiliter
822 2627 849 2671 et
861 2627 968 2672 suenus
987 2622 1100 2687 regebat
1117 2623 1231 2687 insignis
1249 2621 1339 2688 presul
1357 2623 1428 2672 Pan-

383 2698 486 2746 cracius
506 2696 641 2747 nomine³.
680 2696 732 2757 Qui
752 2711 811 2744 cum
832 2700 961 2758 cerneret,
980 2711 1009 2745 se
1035 2710 1204 2761 nequaquam
1224 2696 1343 2747 hostibus
1362 2697 1426 2746 resi·

381 2775 451 2820 stere
470 2785 558 2836 posse,
578 2768 743 2834 aliquamdiu
767 2767 933 2818 obsidionem
958 2768 1103 2834 perferens,
1127 2769 1224 2818 dehinc
1250 2769 1285 2820 ad
1311 2773 1426 2819 montem

381 2843 549 2904 tutissimum,
569 2843 615 2907 qui
639 2840 874 2908 inexpugnabilem
894 2841 1033 2892 obtinebat
1055 2842 1237 2904 munitionem,
1255 2845 1283 2891 in
1302 2857 1351 2892 sua
1370 2841 1427 2892 dio-

382 2918 464 2968 cesim
492 2916 616 2982 positum,
644 2915 751 2965 nomine
781 2913 979 2978 Vodoliensem,
1004 2931 1064 2964 cum
1095 2915 1216 2966 omnibus
1245 2930 1298 2980 que
1327 2914 1426 2964 habers

381 2995 492 3056 poterat,
511 2991 652 3039 imminens
681 2989 795 3037 exicium
824 2986 971 3050 declinans,
999 2989 1119 3038 secessit.
1166 2987 1203 3039 Et
1221 2988 1287 3038 Amo
1316 2987 1426 3052 quidem

301 3061 306 3069 ’
380 3063 548 3113 ohsidionem
566 3061 687 3128 predicte
702 3061 774 3112 urbis
793 3075 898 3126 parans,
919 3077 952 3110 ac
966 3076 997 3110 eo
1018 3067 1098 3127 capta
1117 3067 1198 3127 atque
1211 3077 1227 3110 a
1245 3059 1425 3112 fundamentis

381 3151 482 3202 eversa,
502 3151 648 3200 omnesque
662 3135 708 3199 qui
721 3136 749 3182 in
762 3149 795 3183 ea
814 3135 913 3198 reperti
931 3139 1000 3196 sunt,
1020 3136 1145 3200 quoniam
1159 3151 1188 3186 se
1207 3140 1302 3201 sponte
1320 3133 1426 3184 tradere

379 3208 529 3273 noluerunt,
548 3208 638 3274 gladio
657 3213 719 3257 sunt
736 3208 876 3273 perempti.
914 3207 1020 3256 Dehinc
1039 3209 1171 3272 universa,
1191 3211 1273 3272 vium,
1292 3208 1370 3259 urbes
1383 3206 1427 3258 vel

381 3281 501 3343 castella,
528 3297 580 3347 que
606 3282 741 3346 repperire
770 3285 882 3345 poterat,
901 3296 986 3345 usque
1007 3281 1041 3330 ab
1070 3283 1157 3347 ipsum
1180 3282 1331 3349 Lapideum
1355 3297 1426 3332 cam·

380 3370 442 3419 pum
462 3362 510 3406 etc.

307 3479 329 3531 a)
347 3481 375 3521 ab
392 3482 435 3520 illo
451 3493 508 3521 eurr.
525 3481 554 3520 ab
570 3481 618 3520 illis
634 3480 682 3530 Pl,
698 3486 716 3518 er
731 3480 763 3518 ila
778 3479 796 3519 F
810 3475 841 3520 'a
858 3480 878 3521 4.
896 3478 924 3522 G.
991 3479 1015 3531 b)
1032 3491 1104 3522 uxore
1120 3479 1189 3521 Susv.
1205 3482 1223 3520 F
1240 3483 1260 3524 1.
1322 3479 1343 3533 c)
1359 3483 1428 3521 inter·

306 3541 353 3580 enti
368 3539 389 3579 A
404 3541 430 3589 43
453 3540 587 3588 interempti
602 3540 630 3578 D.
646 3539 664 3578 F
681 3536 712 3578 ⁸2.
729 3538 749 3579 G
766 3539 786 3578 3.
803 3538 868 3579 bac.
885 3540 907 3578 H
924 3540 943 3578 l.
959 3540 971 3580 1
988 3542 1012 3588 13
1033 3541 1144 3589 interepli
1161 3539 1178 3580 G
1195 3542 1219 3588 13
1236 3540 1352 3581 interfecti
1367 3540 1385 3581 O
1402 3542 1424 3580 l.

306 3597 329 3651 d)
346 3599 451 3647 quadrig.
468 3601 486 3638 F
497 3602 516 3638 1.
576 3595 598 3648 s)
614 3598 645 3636 ita
661 3597 681 3636 A
692 3599 712 3638 1.
729 3599 751 3636 4.
766 3598 787 3636 D
798 3600 822 3646 15
839 3598 974 3646 octuaginta
988 3599 1041 3648 aa,
1057 3600 1175 3647 octoginta
1190 3600 1240 3638 olii.
1260 3622 1284 3630 -
1296 3599 1394 3640 occidi*
1405 3600 1424 3640 l.

305 3657 381 3706 need
396 3658 417 3697 Α
433 3660 453 3697 2.
515 3656 538 3707 g)
553 3661 673 3697 cessarunt
689 3656 767 3700 G5c..
811 3655 834 3707 h)
851 3657 925 3696 Hsmc
942 3657 984 3696 Da
1001 3659 1222 3709 conclamanilam
1239 3657 1285 3701 02.
1303 3681 1329 3690 -
1345 3659 1425 3698 Lebsn
1472 3683 1477 3695 .

306 3717 436 3755 Fieoost.
511 3713 529 3766 i)
545 3716 577 3753 ita
599 3714 618 3752 Α
637 3717 656 3756 l.
673 3713 703 3754 ’2.
720 3716 738 3754 ll
757 3718 781 3763 1;
804 3715 982 3755 Machaovillam
1006 3716 1027 3755 A
1043 3718 1063 3756 2.
1080 3717 1101 3759 3.
1118 3719 1140 3758 4.
1157 3717 1179 3757 5.
1196 3717 1222 3756 Β.
1239 3717 1264 3759 F.
1285 3717 1307 3757 G
1323 3719 1343 3758 1.
1362 3718 1382 3756 2.
1399 3717 1427 3764 83

306 3774 485 3814 Machauvillsm
502 3773 523 3814 G
539 3774 565 3822 53
588 3774 730 3813 Machovllla
744 3774 809 3823 D13
834 3774 999 3814 machovillam
1023 3775 1043 3815 G
1059 3776 1081 3818 4.
1099 3775 1116 3816 G
1132 3781 1150 3815 et
1163 3776 1261 3825 plerique
1276 3776 1310 3823 D;
1334 3775 1425 3814 Mocho-

306 3833 386 3871 rlllam
401 3833 424 3872 ll
440 3835 460 3873 l.
521 3831 546 3884 k)
561 3833 685 3872 tentorium
710 3831 730 3872 G
747 3833 766 3872 3.
782 3833 803 3874 4.
870 3831 888 3884 l)
905 3834 994 3874 Deluse
1017 3835 1153 3884 A1.1s1;
1177 3835 1291 3873 Deenssm
1307 3833 1326 3873 Ε
1344 3835 1369 3881 1;
1385 3833 1425 3871 Di-

306 3901 385 3930 eusem
401 3891 426 3931 0.
443 3893 477 3940 D;
493 3892 628 3931 Dunensem
645 3891 666 3931 G
682 3891 751 3941 hbe,
768 3891 925 3931 Deindenssm
940 3893 959 3931 1.
976 3895 1000 3941 15
1016 3893 1128 3933 Deinsem
1143 3904 1200 3932 corr.
1216 3891 1344 3931 Arseneem
1361 3890 1381 3930 G
1400 3893 1425 3940 13

305 3950 361 3988 deest
375 3949 394 3987 F
410 3948 431 3990 5.
506 3949 538 4001 m)
553 3951 585 3989 ila
609 3951 629 3990 A
647 3953 667 3990 1.
691 3950 746 3990 ΡΙ.
772 3949 793 3989 G
809 3951 832 3998 13
859 3949 1035 4001 Gremnopolim
1057 3951 1078 3990 Α
1094 3951 1121 4000 ὃς
1145 3950 1329 4000 Gratianopolim
1352 3951 1422 3991 ceteri.

306 4006 330 4056 n)
347 4007 484 4048 Aretensem
501 4009 522 4049 G
539 4011 559 4050 1.
576 4009 597 4050 a.
614 4011 635 4060 4,
652 4019 709 4050 corr.
732 4008 894 4049 Arelatensem
910 4010 928 4048 F
945 4011 964 4049 1.
985 4032 1011 4040 -
1034 4011 1163 4050 devastavit
1185 4010 1204 4048 A
1221 4009 1241 4048 2.
1261 4031 1286 4038 -
1302 4009 1425 4058 provincia

305 4066 361 4107 ΡΙ.
380 4065 438 4106 Gl.
485 4065 1267 4119 o)-rraA1.·s.B1.n1.1·*1.G1,0umerep.;quaeeeeeri.
1313 4064 1423 4118 pulsai.

305 4125 326 4162 A
343 4125 364 4164 3.
380 4125 399 4164 B
418 4125 437 4165 1.
455 4125 476 4166 G
493 4126 513 4166 3.
531 4126 551 4164 4.
569 4127 729 4174 113Maueil.
747 4127 764 4166 G
783 4129 802 4167 l.
864 4125 888 4178 q)
905 4127 1034 4177 repperiret
1048 4128 1067 4165 F
1084 4129 1104 4168 1.

308 4235 335 4301 1)
357 4236 434 4302 Grep.
454 4235 505 4299 IV,
525 4240 570 4290 44.
645 4237 674 4306 2)
693 4242 818 4291 universa
838 4268 871 4277 -
893 4239 1070 4306 depopulatus
1090 4246 1131 4291 est
1149 4238 1232 4290 Pauli
1250 4247 1313 4290 saal
1332 4239 1421 4290 verba

305 4308 336 4375 3)
355 4309 408 4360 Hic
422 4310 506 4377 plane
524 4311 629 4380 ippotae
648 4329 704 4366 esse
722 4311 843 4373 videtum
865 4312 1077 4378 archiepiscopus
1100 4311 1264 4365 Arelatensis
1281 4321 1343 4365 tuoe
1361 4320 1422 4365 lern-

299 4383 443 4450 porissuit
452 4382 609 4450 Sapaudas.
