3040 5014
354 429 464 480 PAULI
483 426 657 479 HISTORIA
675 426 1009 479 LANGOBARDORUM.
1204 429 1239 478 37

119 597 269 661 Martini
292 599 330 661 in
365 595 587 680 Winipartin’‚
604 603 721 678 postea
743 595 1062 682 Senlcenberpianus,
1083 618 1109 658 s.
1130 595 1187 658 IX.
1209 595 1240 677 4,

116 681 227 745 nitide
258 682 296 744 in
330 680 406 744 alba
432 701 637 764 pergamena
668 688 824 743 enaratus
836 727 844 760 ,
877 678 926 742 nil
958 681 1027 744 nisi
1059 679 1241 744 Historiam

119 764 422 851 Lanpobardorum
443 765 620 827 continens.
663 761 768 826 Plura
784 763 975 828 ecciderunt
986 761 1080 847 folia
1095 769 1241 848 (quater-

119 850 236 914 nionis
251 850 360 934 primi
382 849 410 910 1.
425 845 455 909 3.
470 847 501 911 4.
515 848 546 910 5.
568 848 597 926 6,
619 848 748 931 septimi
768 848 798 925 5,
820 847 984 912 undecimi
1008 849 1035 928 1,
1058 847 1241 912 duodecimi

121 934 154 1015 7,
179 933 296 997 decimi
315 933 404 995 tertii
427 933 455 1010 1,
477 932 594 995 decimi
619 933 749 1014 septimi
769 930 817 1011 8).
860 931 1023 995 Lectionis
1051 933 1241 996 uarietatem

120 1018 162 1081 in
188 1015 291 1082 Catal.
313 1013 386 1079 bibl.
421 1011 600 1078 Giesseusis
628 1013 698 1078 Otto
718 1038 754 1099 p.
777 1013 953 1080 288-312.
976 1015 1149 1100 eoulpaoit,
1165 1017 1240 1100 jam

123 1109 226 1164 antea
240 1099 435 1163 Betbmann'
445 1100 594 1178 enotavit,
610 1108 690 1182 post
708 1123 799 1184 quem
814 1101 870 1164 eti
895 1098 1059 1163 selibram
1105 1100 1241 1164 retiosae

124 1185 336 1270 antiquitatis
366 1207 387 1246 a
416 1181 620 1246 bibliothecae
644 1183 816 1268 praefecto
874 1229 881 1244 .
907 1181 954 1248 Cl.
982 1123 1101 1248 Noacll
1125 1184 1239 1248 buma-

123 1269 259 1332 nissimc
270 1267 462 1348 Berolinum
474 1268 703 1331 transmissum
715 1268 904 1331 accuratius
908 1267 1123 1352 perlustravi.
1148 1265 1240 1340 Quae

124 1351 271 1416 secunda
288 1372 407 1416 manus
429 1351 570 1415 correait
585 1353 714 1435 partim
736 1373 776 1415 esc
797 1351 830 1414 F
842 1351 856 1412 1
880 1360 988 1414 sumta
1009 1360 1095 1414 sant.
1131 1350 1180 1436 Cf.
1195 1353 1239 1415 N.

121 1435 225 1498 Arcb.
237 1435 264 1515 I,
270 1458 308 1519 p.
324 1433 395 1498 555.
428 1433 624 1520 Scripturas
640 1436 801 1520 specimen
815 1435 888 1498 vide
902 1436 939 1498 in
954 1435 1019 1503 tab.
1030 1435 1088 1499 IV.
1100 1435 1149 1499 ed.
1160 1438 1240 1521 maj.

209 1518 278 1604 (67)
303 1517 390 1581 (NJ.
426 1517 682 1584 Casselensis
701 1518 909 1583 bibliothecae
919 1517 1012 1603 folia
1030 1519 1050 1582 6
1072 1520 1240 1604 quadrata

15 1677 20 1690 1
120 1603 160 1666 in
189 1611 217 1666 te
242 1604 380 1666 umentis
407 1601 565 1666 librorum
588 1626 609 1666 a
630 1603 750 1668 Jacobo
775 1601 932 1668 Grimmio
955 1603 1086 1667 detecta.
1133 1603 1240 1668 Codesc

122 1709 148 1749 s.
173 1686 195 1748 Ι
222 1736 229 1752 .
259 1709 359 1750 manu
390 1684 663 1773 Anplosaconica
690 1697 858 1768 emanatus,
888 1687 963 1751 olim
984 1689 1022 1751 in
1043 1689 1239 1752 monasterio

119 1768 307 1851 Fuldensi‚
372 1780 460 1834 ostcu
486 1769 522 1834 S.
551 1771 695 1835 Martini
733 1772 932 1854 Mapuntino
963 1769 1076 1855 fuisse
1111 1771 1241 1835 videtur

118 1853 184 2002 aas.
215 1855 314 1918 Arcb.
383 1853 410 1935 I,
428 1877 465 1938 p.
487 1855 574 1938 283,
595 1855 640 1919 N.
662 1855 761 1920 Arcb.
784 1857 865 1940 I,p.
888 1854 951 1919 554
971 1879 1014 1936 n„
1037 1865 1065 1920 et
1086 1856 1125 1919 de
1146 1855 1240 1920 libris
1318 1935 1319 1940 η

149 1937 231 2002 ulda
262 1941 299 2002 in
329 1941 562 2003 monasterium
591 1939 626 2006 S.
654 1940 797 2004 Martini
825 1939 997 2004 translatis
1028 1938 1238 2021 Giesebrecbt,

119 2022 156 2086 Z.
168 2021 204 2106 f.
228 2021 341 2086 Gescb.
361 2023 429 2104 VII,
445 2046 484 2108 p.
506 2022 596 2104 564).

206 2107 260 2170 Ea
282 2107 340 2170 boc
352 2105 501 2191 fortasse
513 2108 619 2193 fluuit

221 2187 276 2276 68)
295 2189 363 2253 Gn.
387 2191 427 2254 H
428 2191 495 2255 eid
502 2191 611 2255 elber
616 2189 946 2277 pensisPalatinus
957 2191 1019 2254 Nr.
1027 2189 1099 2270 912,
1111 2191 1238 2254 membr.

120 2275 187 2338 s.I
212 2275 258 2355 .4,
299 2273 428 2338 laribus
440 2276 601 2354 manibus,
616 2297 757 2360 quarum
776 2276 955 2358 specimina
972 2275 1010 2337 in
1026 2275 1091 2348 tab,
1109 2273 1168 2337 IV.
1190 2274 1239 2337 ed.

118 2361 199 2442 maj.
212 2298 369 2438 dedimus,
382 2360 536 2441 scriptus,
551 2360 608 2442 qui
619 2358 722 2420 solum
730 2357 873 2421 Paulum
888 2359 1034 2421 continet.
1060 2357 1240 2440 Enemplar

122 2442 258 2506 *litteris
274 2443 327 2504 An
352 2441 552 2505 losasconicis
573 2449 747 2504 enaratum
758 2439 980 2524 fundamento
997 2442 1144 2524 positum
1161 2461 1238 2522 esse,
1250 2441 1286 2497 ⁸1³·
1296 2446 1331 2487 ⁸8·
1377 2439 1380 2444 ’

122 2547 196 2589 cum
224 2465 359 2671 singula
386 2523 553 2604 vocabula,
576 2534 643 2588 tum
664 2526 801 2587 nomina
822 2524 1078 2610 Lanpobardica
1089 2523 1238 2608 formam

122 2608 246 2672 induta
296 2609 472 2671 asconicam
489 2607 692 2754 §Thiadbert
718 2606 879 2688 Thiadrie,
904 2607 1036 2672 Ouwini
1058 2610 1139 2692 etc),
1154 2631 1236 2693 pro-

123 2691 222 2772 bant;
244 2691 286 2838 ll
308 2691 352 2754 N.
368 2690 467 2756 Arcb.
507 2716 572 2777 ,p.
589 2691 660 2755 554.
693 2692 801 2756 Multa
822 2701 899 2755 sunt
921 2715 992 2756 curn
1016 2690 1077 2756 (tl
1101 2714 1237 2757 commu-

122 2777 198 2856 nia,
229 2777 299 2840 aia
320 2797 394 2839 vero
421 2775 461 2838 ab
490 2776 548 2840 boc
577 2776 740 2857 recedunt,
761 2779 958 2860 praesertim
983 2778 1107 2861 primis
1133 2776 1237 2858 libris,

121 2881 259 2944 quorum
288 2858 398 2922 scriba
429 2861 587 2924 sermonis
620 2862 827 2944 asperitatem
861 2859 994 2944 auferre
1026 2882 1159 2944 eumque
1192 2861 1237 2925 ad

119 2946 352 3029 prammaticae
373 2943 507 3028 repulus
530 2944 593 3008 sibi
613 2954 709 3008 notas
730 2945 883 3009 reducere
908 2954 1044 3008 conatus
1066 2952 1119 3009 est.
1166 2942 1236 3023 Quo

122 3025 202 3092 alter
224 3029 445 3103 diasceuastes
467 3049 533 3091 non
556 3037 731 3110 contentus,
751 3037 850 3092 totum
864 3029 984 3092 librum
999 3028 1236 3092 emendandum

121 3115 242 3178 sumsit.
262 3110 388 3185 Quibus
404 3113 563 3260 sepositis,
579 3113 697 3197 ubique
709 3112 755 3176 ad
764 3115 912 3196 priorem
923 3113 1087 3176 lectionem
1097 3115 1236 3194 recurri,

121 3219 192 3260 cum
213 3197 352 3260 codicem
374 3218 394 3258 a
476 3193 520 3261 Cl.
543 3195 811 3282 Zanpemeistero,
834 3197 1039 3261 bibliothecae
1055 3195 1236 3281 praefecto,

121 3277 263 3344 benevole
286 3279 477 3344 Berolinum
507 3283 735 3345 transmissum
757 3281 882 3345 diutius
908 3283 993 3344 inter
1021 3303 1140 3344 manus
1168 3304 1236 3344 uer-

122 3387 234 3428 sarem.
277 3365 332 3426 Erc
356 3365 414 3428 boc
435 3365 484 3428 uel
510 3386 650 3449 prorsus
679 3365 781 3429 simili
806 3365 912 3428 codice
933 3365 1029 3428 etiam
1050 3363 1110 3427 Fl
1134 3387 1235 3428 emen-

121 3448 450 3595 {laltionesgqpasdam
470 3447 582 3512 illatas
604 3471 679 3530 esse,
709 3459 776 3512 tum
794 3452 971 3535 perspcui‚·
1005 3447 1047 3532 cf.
1069 3448 1113 3510 N.
1135 3448 1234 3512 Arcb.

200 3555 272 3702 lou)
289 3615 379 3680 (32³.
413 3615 774 3702 Stuttpardiensis
790 3617 875 3681 Hist.
887 3616 938 3698 26,
953 3619 1039 3681 inter
1051 3613 1235 3679 aliamulta

123 3709 193 3763 ante
213 3708 367 3764 trecentos
377 3699 455 3784 fere
471 3723 576 3764 annos
594 3703 631 3764 in
653 3724 756 3764 unum
776 3701 924 3764 uolumen
946 3699 1021 3765 colli
1045 3707 1102 3762 ata
1123 3722 1234 3763 nonem

121 3785 258 3848 continet
272 3785 501 3868 quaterniones
507 3785 642 3868 formae
654 3788 850 3866 octonariae,
863 3784 979 3870 quibus
991 3723 1104 3868 plures
1114 3806 1234 3848 manus

121 3889 143 3930 s.
158 3867 232 3930 XII.
247 3869 352 3932 inscri
377 3877 489 3932 serunt
504 3868 686 3932 Historiam
704 3869 1010 3955 Lanpobardorum,
1030 3869 1131 3932 vitam
1151 3868 1233 3932 Fur-

120 3953 172 4032 cei,
195 3949 274 4016 alia.
307 3952 341 4015 Il
356 3976 409 4016 am
424 3977 463 4017 ccc
479 3951 510 4016 G
524 3951 544 4015 2
559 3953 755 4038 descriptam
778 3976 853 4035 esse,
874 3953 1060 4018 Betbmanu
1078 3951 1142 4016 sibi
1157 3974 1233 4034 per·
1252 3946 1256 3958 ’

122 4058 253 4100 suasam
274 4036 398 4100 babuit.

199 4119 268 4206 (70)
293 4119 322 4184 (ἰ
343 4121 388 4184 *3.
442 4119 818 4188 Gbeltenbamensis
846 4121 908 4185 Nr.
941 4119 1037 4201 1885,
1065 4119 1140 4186 olim
1167 4120 1233 4182 Me·

122 4207 227 4285 tensis,
249 4215 327 4290 post
349 4203 477 4292 collepii
501 4205 760 4284 Claromontani‚
782 4205 908 4270 membr.
931 4227 956 4268 s.
980 4205 1036 4285 IX,
1065 4205 1122 4270 ubi
1144 4213 1232 4268 cata-

122 4287 188 4375 lopo
210 4291 254 4353 im
281 4299 444 4354 oratorum
471 4312 511 4354 ecc
532 4289 628 4354 Beda
656 4290 815 4390 descripto
843 4289 960 4354 addita
981 4297 1057 4353 sunt
1078 4297 1232 4373 eccerpta

122 4394 157 4436 eu
171 4373 241 4438 Pau
257 4396 274 4438 o
291 4375 336 4438 ad
357 4397 408 4440 res
422 4375 591 4452 Romanas
609 4373 886 4440 aecclesiasticas
903 4375 1105 4460 pertinentia
1120 4372 1165 4456 (I,
1180 4372 1232 4436 25.
