3040 5014
287 405 320 453 10
504 399 616 454 PAULI
634 399 810 453 HISTORIA
829 399 1167 454 LANGOBARDORUM.

487 568 539 634 De
561 589 661 654 puero
683 569 738 653 qui
759 569 793 631 in
813 567 916 654 glacie
937 570 1096 634 extinctus
1118 578 1175 634 est.

320 671 409 734 Trax
429 691 510 756 puer
530 669 680 734 adstricto
701 667 804 755 glacie
826 668 903 734 dum
924 668 1004 734 ludit
1025 671 1059 733 in
1079 670 1199 754 Hebr0,

362 754 494 839 Frigore
515 762 678 818 concretas
700 753 841 838 pondere
861 755 948 839 rupit
968 775 1077 840 aquas.

321 856 472 942 Dumque
493 855 576 920 imae
598 865 703 940 partes
725 855 837 1004 rapido
859 853 1057 921 traherentur
1078 858 1121 922 ab*
1141 859 1237 938 amni,

362 939 547 1004 Praesecuit
567 948 713 1003 tenerum
733 936 767 1001 lu
790 938 856 1002 rica
877 948 960 1004 testa
981 948 1087 1026 ceput.

321 1040 410 1107 Orba
431 1040 517 1126 quod
538 1041 703 1105 inventum
725 1050 826 1105 mater
846 1039 922 1104 dum
945 1043 1095 1108 conderet
1115 1064 1205 1125 urna,

364 1124 446 1188 ‘Hoc
468 1125 579 1211 peperi
601 1123 746 1206 flammis,
769 1123 891 1207 cetera',
914 1124 1005 1208 dixit,
1028 1128 1148 1212 ‘aquis'.
1180 1129 1184 1140 '

362 1227 453 1290 Haec
475 1249 541 1291 non
563 1225 661 1290 multo
684 1236 761 1311 post
782 1249 906 1290 annunt
925 1227 995 1292 781.
1023 1231 1148 1313 scripta
1170 1231 1237 1294 sint
1259 1237 1389 1313 oportet,

279 1334 341 1396 qno
363 1311 528 1392 Rothrud,
558 1310 677 1374 Karoti
695 1309 791 1392 filio,
817 1312 1009 1395 imperatori
1033 1311 1390 1396 Constantinopolitano

278 1405 324 1460 eet
345 1395 543 1478 desponsata
553 1407 574 1456 ¹.
616 1393 725 1458 Altero
747 1397 892 1460 carmine
913 1394 1080 1481 Sipefridi
1107 1398 1195 1480 repis
1216 1396 1391 1462 Doctorum

278 1481 396 1544 mentio
420 1477 480 1560 fit,
513 1481 608 1564 cnjus
639 1479 739 1564 lopati
771 1473 1079 1544 attalianum
1101 1482 1295 1545 odierant²:
1318 1501 1390 1543 con-

278 1565 456 1628 versionem
486 1565 570 1643 e‘ns,
600 1565 711 1648 jocose
743 1571 778 1626 nt
809 1563 951 1644 uidetur,
988 1587 1046 1628 ren
1078 1563 1183 1628 Ponto
1217 1566 1391 1650 injnnqere

279 1647 408 1714 voluit³.
495 1647 580 1712 eroli
603 1648 706 1732 jussa
734 1647 907 1732 epitaphio
937 1669 1102 1729 eororam,
1134 1651 1250 1714 neoris
1281 1648 1391 1713 Hilde-

303 1731 413 1812 ordis,
443 1753 526 1815 quoe
547 1753 579 1793 o.
596 1729 665 1795 783.
690 1731 776 1811 obiit,
803 1741 831 1795 et
843 1730 997 1814 filioram
1020 1733 1163 1796 duarum
1183 1733 1392 1817 compossita

279 1756 370 1880 i'unc
399 1815 494 1880 etiem
523 1825 674 1898 encerpto
701 1837 740 1878 eoo
768 1814 862 1880 libris
890 1815 1037 1900 Pompeii
1057 1817 1144 1880 Festi
1165 1815 1267 1900 fecto
1291 1816 1393 1882 credi-

279 1901 391 1981 derim,
415 1921 498 1984 quoe
520 1899 642 1962 Korolo
664 1901 880 1964 transmisso⁵
909 1903 979 1965 sine
1007 1923 1111 1964 conso
1133 1900 1228 1964 alteri
1259 1901 1392 1966 cuidant

281 2027 307 2091 1)
327 2024 397 2077 Anu.
417 2025 558 2088 Lnnresh„
579 2022 628 2077 SS.
648 2024 671 2088 Ι,
685 2043 717 2092 p.
732 2026 775 2077 32.
887 2025 914 2090 2)
934 2022 1004 2080 Ann.
1024 2025 1110 2078 Dour.
1129 2027 1206 2093 moj.,
1232 2025 1266 2076 ib.
1280 2043 1313 2092 p.
1329 2026 1391 2078 162.

280 2101 307 2163 3)
334 2099 364 2149 V.
390 2098 510 2150 cannino
528 2098 565 2148 II
585 2107 609 2150 et
628 2097 685 2160 III,
705 2098 734 2150 Ζ.
747 2098 775 2164 f.
795 2097 831 2149 D.
851 2097 904 2152 An.
925 2100 941 2150 l.
962 2100 979 2150 l.
996 2116 1025 2166 p.
1040 2100 1103 2150 452.
1141 2098 1234 2166 Ibique
1254 2098 1310 2150 olio
1329 2107 1390 2150 eant

280 2173 393 2226 collecta.
459 2174 486 2236 4)
508 2171 539 2223 G.
559 2171 642 2236 Mett,
661 2169 710 2222 SS.
732 2170 773 2234 II,
787 2189 817 2236 p.
832 2171 894 2223 265.
955 2173 982 2236 5)
1001 2171 1150 2241 Epistolam
1168 2189 1201 2224 eoo
1219 2173 1274 2224 cod.
1295 2171 1390 2224 Mono-

281 2245 352 2298 censi
365 2245 416 2298 Nr.
435 2245 531 2308 14734,
546 2263 567 2298 s.
581 2245 614 2308 X,
634 2242 794 2310 descriptam
813 2261 872 2296 curn
891 2245 1027 2296 lectoribus
1048 2245 1275 2309 communicamus,
1295 2253 1324 2296 ut
1338 2245 1391 2310 ipsi

275 2318 401 2388 judicare
419 2327 524 2385 quemn,
543 2335 607 2369 num
625 2317 706 2368 Ponti
725 2317 829 2385 inqenio
848 2317 1018 2384 respondeat:

372 2394 510 2444 Divinaea
528 2391 661 2458 largitatis
677 2407 793 2456 munere,
813 2394 945 2460 sapientia
963 2393 1135 2459 potentiaque
1154 2387 1323 2459 praefulgido
1340 2390 1391 2442 Oa·

281 2461 358 2518 rnlob
385 2481 478 2532 regum
504 2465 692 2518 sublimissimo
711 2465 810 2517 Paulus
833 2465 941 2518 ultimus
968 2465 1097 2518 servulus.
1144 2465 1261 2532 Cupiens
1289 2463 1392 2530 aliquid

281 2543 376 2592 vestris
401 2539 572 2590 bibliothecis
598 2538 713 2601 addere,
741 2541 804 2605 quia
829 2555 862 2590 ex
887 2540 999 2606 propriis
1025 2555 1167 2607 perparum
1188 2538 1275 2602 valeo,
1299 2553 1392 2588 neces·

281 2615 353 2664 sario
377 2629 409 2663 ex
435 2610 522 2662 alieno
545 2613 672 2662 mutuavi.
710 2612 825 2664 Sextus⁰
849 2612 964 2678 denique
983 2614 1126 2680 Pompeius
1145 2613 1272 2664 Romanis
1298 2611 1393 2664 studiis

281 2686 382 2736 affatim
401 2683 528 2746 eruditus,
547 2689 603 2734 tam
616 2699 766 2734 sermonum
778 2685 937 2748 abditorum,
957 2700 1037 2750 quam
1050 2688 1132 2736 etiam
1145 2685 1311 2752 quorundum
1331 2699 1393 2734 cau-

280 2775 369 2810 sarum
388 2757 503 2822 origines
523 2757 654 2822 aperiens,
674 2772 740 2822 opus
760 2773 835 2808 suum
855 2758 889 2807 ad
902 2759 999 2822 viginti
1011 2754 1118 2824 usqued
1137 2758 1241 2824 prolixa
1259 2757 1394 2810 volumina

282 2829 414 2893 extendit;
435 2845 467 2878 ex
486 2845 539 2895 qua
558 2845 609 2894 ego
629 2828 782 2896 prolixitate
801 2831 934 2896 superflua
948 2845 1071 2896 quaeque
1091 2837 1118 2880 et
1136 2831 1222 2882 minus
1241 2831 1395 2882 necessaria

280 2902 527 2971 praetergrediens,
554 2909 580 2952 et
604 2901 737 2968 quaedam
762 2903 884 2954 abstrusa
908 2903 1014 2969 penitus
1034 2902 1095 2954 stilo
1114 2904 1219 2968 proprio
1240 2903 1392 2965 enucleans,

280 2976 408 3029 nonnulla
426 2977 465 3026 ita
477 2981 506 3027 ut
519 2981 594 3026 erant
613 2977 700 3042 posita
718 2974 880 3042 relinquens,
899 2977 950 3026 hoe
963 2980 1067 3026 vestrae
1082 2973 1233 3026 eelsitudini
1248 2974 1393 3040 legendum

282 3049 480 3117 conpendiume
499 3049 597 3112 obtuli3
616 3051 645 3100 in
665 3051 739 3100 onius
758 3051 835 3114 serie,
860 3050 884 3100 si
902 3053 990 3098 tamen
1014 3047 1113 3099 lectum
1132 3049 1171 3098 ire
1190 3064 1244 3099 non
1263 3048 1393 3114 dedigna-

281 3125 382 3186 bimini,
401 3121 534 3189 quaedam
553 3121 699 3174 secundum
718 3127 816 3186 artem,
842 3121 974 3188 quaedam
997 3122 1071 3172 iuxta
1090 3121 1290 3188 ethimologiam
1305 3123 1394 3189 posita

281 3213 335 3248 non
352 3197 571 3248 inconvenienter
589 3197 739 3258 invenietis,
766 3201 793 3247 et
817 3197 960 3262 praecipue
981 3196 1095 3246 civitatis
1114 3199 1220 3248 vestrae
1238 3195 1395 3259 Romuleae,

281 3275 424 3338 portarurn,
443 3271 554 3332 viarum,
574 3271 710 3332 montium,
735 3269 855 3320 locorum
874 3269 1043 3335 tribuumque
1061 3268 1194 3320 vocabula
1215 3270 1314 3322 diserta
1332 3285 1392 3336 rep-

188 3407 190 3414 ,
282 3345 403 3410 perietis,
426 3343 491 3394 ritus
518 3347 657 3410 praeterea
681 3342 821 3406 gentilium
845 3347 872 3392 et
900 3342 1104 3394 consuetudines
1132 3345 1233 3406 variar,
1262 3343 1392 3394 dictiones

282 3432 387 3484 quoque
406 3410 555 3483 poematisf
581 3420 608 3466 et
627 3416 846 3482 historiographis
869 3415 1026 3478 familiares,
1052 3432 1118 3482 quas
1137 3418 1166 3466 in
1184 3417 1238 3467 suis
1257 3415 1393 3483 opusculis

281 3491 446 3558 frequentius
471 3505 593 3556 posuere.
633 3488 711 3551 Quod
730 3489 883 3555 exiguitatis
907 3505 982 3540 meae
1007 3489 1190 3541 munusculum
1214 3490 1237 3540 si
1263 3505 1347 3555 sagax
1366 3493 1392 3538 et

282 3565 503 3616 subtilissimumt
528 3567 644 3614 vestrum
662 3563 800 3626 ingenium
818 3578 871 3614 non
890 3557 1103 3630 usquequaquell
1122 3561 1280 3629 reppulerit,
1306 3563 1392 3614 tenui-

281 3643 364 3688 tatem
382 3653 469 3688 meam
488 3637 544 3687 vita
563 3637 660 3686 comite
679 3635 715 3701 ad
733 3637 838 3702 potiora
857 3637 992 3688 excitabit.

373 3709 518 3762 Adduntnr
537 3724 642 3758 uersus:

472 3781 558 3832 Multa
575 3780 643 3846 legit
660 3782 754 3847 paucis
773 3785 819 3848 qui
836 3781 933 3833 librum
951 3783 1090 3850 praedicat
1107 3783 1201 3845 istum;

536 3854 597 3904 Hoc
617 3870 708 3906 servus
727 3854 800 3918 feeit,
820 3855 919 3908 Karolo
940 3872 1010 3922 rege,
1030 3861 1099 3907 tuus.

474 3928 519 3978 Sic
538 3943 592 3978 una
611 3943 643 3978 ex
662 3926 751 3979 multis
770 3943 839 3979 nunc
858 3929 904 3980 fiat
924 3929 1040 3980 ecclesia
1058 3928 1178 3996 templis;

536 4001 592 4051 Det
610 4000 700 4052 David
718 4003 788 4052 vires
807 4001 912 4054 scilieet
929 4003 986 4068 ipse
1006 4003 1088 4053 Deus.

282 4072 351 4124 Urbe
369 4071 500 4126 Romulea
525 4073 603 4124 etiam
621 4073 691 4125 Hist.
711 4073 797 4142 Lonq.
819 4074 865 4137 ΙΙ,
892 4076 935 4126 23.
955 4083 979 4126 et
999 4073 1030 4125 G.
1051 4075 1123 4125 Mett.
1143 4090 1169 4138 p.
1190 4071 1250 4123 266.
1278 4071 1391 4133 elicitum

283 4151 415 4197 extremus
434 4146 459 4196 b.
480 4147 621 4198 Benedicti
640 4146 759 4198 servulus
784 4147 873 4198 scribit
892 4147 993 4198 Pontus
1011 4145 1040 4196 in
1059 4145 1179 4206 bomilia,
1206 4144 1296 4212 Miqne
1309 4143 1391 4209 XCV,
1421 4175 1422 4178 =

278 4237 309 4286 p.
325 4218 404 4271 1577.
426 4245 458 4256 —
478 4218 520 4268 De
539 4219 634 4285 optimo
654 4220 711 4271 cod.
730 4219 818 4270 Paris.
834 4219 883 4271 Nr.
899 4221 979 4270 7662.
999 4237 1023 4270 o.
1037 4219 1072 4270 ib.
1087 4236 1117 4284 p.
1134 4219 1213 4268 1704.

283 4316 306 4370 a)
322 4319 377 4358 deest
392 4319 424 4361 cd.
499 4317 522 4370 b)
539 4319 632 4360 domino
648 4321 697 4370 regi
713 4319 739 4361 O.
756 4319 787 4358 ed.
856 4317 876 4370 c)
893 4319 974 4360 Festus
990 4319 1021 4358 ed.
1089 4317 1111 4370 d)
1128 4318 1183 4358 deest
1199 4318 1231 4359 ed.
1293 4315 1315 4370 e)
1333 4328 1394 4358 com·
1440 4343 1447 4374 ,

283 4379 367 4428 pendlo
383 4379 414 4420 ed.
474 4376 583 4429 {ipoetis
599 4379 630 4420 ed.
692 4377 715 4430 g)
732 4378 884 4420 subtilismum
900 4389 918 4421 c.
978 4378 1001 4432 h)
1019 4387 1093 4427 quave
1109 4388 1127 4417 c.
