3040 5014
295 439 329 488 38
526 439 637 490 PAULI
656 438 828 490 HISTORIA
848 437 1184 490 LANGOBARDORUM.

293 607 334 672 26
349 610 396 671 66.
413 607 460 688 ΙΙ,
479 607 560 672 1-4
573 607 653 671 med.
675 604 767 670 5-7.
799 606 861 685 ΙΙΙ,
887 605 935 668 12.
958 605 1073 669 13.15.
1091 605 1139 668 17.
1154 606 1205 671 23.
1220 606 1271 672 24.
1286 606 1337 672 26.
1361 606 1421 671 29.

293 692 352 772 IV,
374 693 405 755 5.
428 691 457 754 6.
480 692 509 758 8.
533 691 582 753 17.
604 691 655 755 26.
677 689 726 753 33.
750 689 801 753 36.
831 689 998 770 V,6-13.
1027 689 1076 770 VI,
1096 689 1127 752 4.
1149 689 1179 754 5.
1203 691 1335 754 11-14.
1358 691 1418 754 31.

293 775 344 839 32.
367 776 419 840 34.
442 775 492 839 36.
513 776 564 838 40.
592 773 643 838 37.
670 773 722 837 42.
752 772 887 836 46-49.
915 773 965 836 53.
995 774 1037 837 54
1062 776 1163 855 init).
1195 773 1234 838 G.
1253 775 1295 838 H.
1318 775 1420 839 Pertz

295 860 373 923 haec
396 883 466 924 cum
489 859 671 922 Muratorii
692 858 830 922 editione
852 856 996 921 contulit.

377 943 446 1028 (71)
470 941 500 1006 G
514 941 544 1006 3.
595 943 639 1006 Vi
648 942 921 1006 ndobouensis
942 941 1004 1005 Nr.
1019 942 1081 1006 237
1097 942 1201 1026 (Hist.
1213 941 1303 1027 prof.
1319 942 1419 1026 680),

292 1027 420 1092 membr.
431 1049 455 1090 s.
468 1027 506 1090 Χ.
517 1028 548 1107 4,
564 1050 635 1090 666
649 1048 752 1090 6666
764 1034 932 1106 eucratas,
948 1047 1032 1110 quae
1043 1025 1092 1090 nib
1103 1029 1173 1090 nisi
1184 1026 1284 1091 Paub'
1293 1026 1421 1092 librum

293 1109 1197 1280 3336..00.7607.ἵ.7“.8711οἷ61536676
1204 1110 1322 1259 hh
1336 1110 1421 1259 tr

292 1289 410 1364 rupta,
440 1289 476 1342 ut
504 1281 562 1363 qui
588 1287 664 1342 tunc
694 1279 794 1363 hujus
821 1277 899 1344 libri
924 1279 1103 1362 cuempiam
1122 1277 1275 1363 faciebat
1294 1301 1334 1342 ea
1354 1280 1421 1343 666

292 1363 395 1449 heqere
415 1371 534 1447 posset.
585 1361 757 1427 Verborum
773 1360 908 1445 formas
934 1364 1017 1426 satis
1045 1364 1144 1427 rudes
1166 1362 1343 1448 plerasque
1372 1386 1421 1427 66

293 1450 463 1511 uetustiore
487 1445 572 1520 ,libro
600 1455 746 1530 receptus
772 1467 856 1527 esse,
889 1455 1077 1532 comparato
1107 1447 1213 1512 codice
1242 1445 1307 1510 Gr4
1336 1447 1419 1512 huic

295 1530 459 1616 affinitate
477 1531 649 1614 conjuncto
672 1530 823 1594 docemur
828 1554 840 1612 ,·
865 1528 936 1594 ahia
949 1540 1056 1595 tamen
1072 1540 1100 1594 et
1114 1532 1185 1616 ipse
1201 1533 1418 1594 amanuensis

288 1637 444 1700 peccasse
469 1615 605 1679 uidetur.
656 1614 697 1676 Ι6
726 1614 843 1698 quihus
873 1614 1085 1678 enoendandis
1111 1624 1224 1698 postea
1252 1622 1419 1679 corrector

294 1699 477 1762 desudavit.
539 1697 685 1762 Codicem
722 1699 779 1761 sub
821 1700 982 1782 auspiciis
1016 1699 1136 1762 Pertzii
1169 1699 1305 1764 Pirenen
1339 1721 1417 1762 cum

294 1783 391 1847 editis
427 1780 571 1862 contulit,
602 1782 788 1846 Bethmaun
817 1781 878 1846 hac
907 1804 1007 1866 opera
1028 1806 1109 1846 usus
1121 1782 1203 1866 fuse
1230 1782 1415 1866 descripsit,

295 1866 394 1930 Arch.
425 1866 494 1946 VII,
511 1888 548 1950 p.
570 1865 633 1928 275
655 1887 732 1950 sqq,
754 1867 945 1930 sententiam
967 1889 1041 1931 vero
1064 1867 1103 1931 de
1124 1869 1197 1951 ipso
1226 1876 1303 1930 tunc
1330 1888 1436 1951 pro-.

294 1951 398 2014 latam
421 1960 539 2034 postea
560 1971 703 2034 prorsus
729 1951 840 2035 rejecit
865 1972 998 2034 eumque
1027 1950 1174 2015 hocloco
1201 1973 1267 2014 esse
1315 1972 1413 2014 onen-

293 2036 372 2099 dum
386 2033 552 2097 intettcuit.
585 2032 780 2134 Scmpturae
795 2036 957 2119 specimen
972 2035 1045 2098 oide
1060 2035 1097 2098 in
1111 2033 1176 2098 tab.
1191 2034 1215 2096 I
1217 2034 1249 2101 V.
1262 2057 1277 2098 6
1303 2081 1310 2096 .
1332 2036 1413 2120 maj.
1483 2069 1484 2080 .

381 2117 450 2206 (72)
474 2115 566 2182 G3e.
617 2118 938 2182 Vindobonensis
965 2119 1028 2182 Nr.
1050 2119 1112 2183 406
1134 2119 1226 2201 (Jur.
1254 2121 1313 2182 cio.
1342 2119 1413 2199 64),

199 2229 202 2236 ’
296 2204 371 2267 otim
399 2201 625 2281 Gotroicensis,
661 2202 788 2265 membr.
817 2225 842 2265 s.
869 2203 944 2266 XII.
966 2202 1042 2286 fot,
1071 2203 1108 2265 in
1136 2225 1198 2348 quo
1228 2202 1413 2266 Historiam

296 2287 592 2372 Lauqobardorum
602 2285 670 2349 766
680 2286 1136 2370 Bajuoariorumantecedit(
1166 2287 1201 2352 L.
1210 2286 1313 2369 III,p.
1322 2285 1412 2367 188).

294 2372 425 2436 Desinit
446 2370 495 2452 VI,
510 2371 563 2451 44,
578 2371 687 2434 scriba
703 2371 896 2434 adnotante:
919 2370 1008 2434 deest
1021 2367 1164 2433 multum.
1196 2367 1414 2434 Praeteriit}

295 2477 540 2539 nonnumquam
568 2453 669 2518 codem
697 2453 812 2519 dussis
836 2453 929 2519 Cael
943 2454 977 2517 D
1000 2455 1165 2520 adbibitus
1186 2476 1251 2518 esse
1272 2454 1412 2518 uidetur.

296 2540 406 2625 Hujus
428 2561 491 2622 quo
514 2560 552 2602 ue
575 2537 724 2603 lectiones
747 2541 888 2603 enotavit
909 2538 1053 2602 Ihrsuer.

378 2623 448 2708 (73)
516 2621 546 2684 4.
597 2621 908 2710 Uhtrojcctinus
930 2622 992 2686 Nr.
1015 2622 1087 2702 287,
1111 2622 1186 2686 otim
1210 2620 1410 2704 Campensis,

294 2707 421 2770 membr.
440 2704 506 2790 fot.
529 2707 607 2769 min.
631 2728 655 2769 s.
676 2707 715 2769 X.
736 2707 785 2770 oet
811 2706 868 2770 XI.
890 2708 948 2787 im,
975 2707 1115 2792 popinis
1144 2706 1310 2790 bipartitis
1336 2707 1413 2769 niti-

295 2791 427 2854 dissime
446 2799 614 2854 eoearatus.
647 2791 870 2855 Amanuensis
892 2813 975 2876 quae
996 2799 1154 2874 corrupta
1168 2789 1346 2875 judicabat
1363 2789 1414 2854 uel

294 2875 404 2937 minus
418 2872 616 2959 intehtiqebat
629 2875 667 2939 in
678 2877 827 2961 marqine
840 2876 1011 2938 annotavit
1022 2875 1135 2959 (siquo
1145 2877 1193 2936 rt
1205 2905 1246 2930 =
1256 2872 1414 2958 sequise),

295 2979 541 3042 nonnumquam
568 2962 711 3042 spatium
732 2981 872 3023 uacuum
900 2957 1041 3042 reliquit,
1068 2966 1204 3022 ceterum
1234 2956 1414 3041 euemphar,

296 3063 358 3188 quo
381 3064 460 3105 usus
481 3051 536 3122 est,
560 3041 623 3110 (63
646 3043 759 3125 simile,
781 3044 862 3106 satis
876 3041 1020 3124 fideliter
1041 3043 1238 3125 cmpressisse
1264 3042 1413 3122 videtum·

314 3125 341 3206 Ι,
362 3125 494 3190 18-20.
516 3127 641 3208 desunt,
663 3127 787 3191 lacuna
808 3149 875 3190 nan
896 3125 1057 3190 iudicata.
1089 3126 1252 3191 Lectionis
1268 3127 1414 3190 uarietas

295 3209 451 3275 Leibnitii
475 3234 577 3274 manu
605 3215 731 3296 scripta
757 3213 844 3274 inter
870 3210 1006 3274 schedas
1031 3212 1139 3294 ipsius
1165 3212 1202 3274 in
1224 3209 1415 3274 bibliotheca

295 3295 390 3380 reqia
406 3295 656 3360 Hannoverana
677 3304 792 3376 eustat,
815 3291 950 3357 atteram
973 3317 994 3357 6
1009 3293 1205 3359 Schme‘tchin
1229 3296 1260 3358 io
1275 3295 1313 3357 in
1327 3317 1414 3358 marr-

296 3381 371 3463 qine
386 3379 538 3443 editionis
552 3379 783 3444 Elzeuirianae
804 3387 966 3442 6666666
984 3377 1173 3443 bibliotheca
1221 3379 1414 3463 ottinqensis

297 3471 404 3526 servat
430 3462 490 3548 (cf.
518 3462 616 3526 Arch.
646 3462 714 3542 VII,
735 3485 773 3547 p.
800 3461 890 3544 284).
933 3462 997 3526 His
1026 3485 1092 3526 non
1122 3471 1287 3527 contentus
1317 3462 1413 3526 Beth·

294 3569 396 3610 mann
428 3549 535 3612 denuo
568 3548 726 3626 codicem,
759 3555 836 3609 tunc
867 3549 984 3632 maqni
1005 3547 1139 3632 factum
1172 3547 1287 3629 (Arch.
1325 3546 1413 3627 VIII,

289 3654 327 3715 p.
350 3631 420 3711 31),
443 3632 687 3696 accuratissime
708 3629 954 3696 suscribendum
974 3633 1111 3696 curauit.

381 3713 532 3800 Quinque
553 3716 612 3798 qui
630 3724 810 3800 sequuntur
825 3715 924 3800 hujus
938 3715 1053 3779 classis
1069 3717 1193 3780 codices
1208 3717 1258 3781 ita
1271 3717 1358 3779 inter
1378 3737 1411 3778 se

295 3801 499 3881 conueniunt,
514 3807 560 3879 ut,
575 3822 647 3862 cum
663 3796 745 3862 atter
760 3799 805 3862 ad
820 3798 956 3862 atterum
971 3799 1091 3947 offerri
1105 3808 1254 3885 nequeat,
1273 3821 1313 3864 66
1328 3821 1410 3863 666-

294 3884 387 3947 6666
405 3881 503 3966 fonte
529 3904 582 3946 eos
609 3883 742 3946 haustas
764 3905 829 3946 esse
856 3892 983 3947 statuen
1009 3907 1062 3948 66
1091 3887 1143 3949 sit.
1185 3884 1226 3948 Id
1246 3905 1413 3948 commune

294 3967 422 4046 habent,
444 3967 531 4050 quod
553 3968 665 4030 ceteris
686 3966 821 4032 hiberius
835 3967 935 4032 Pauli
956 3968 1055 4032 uerba
1068 3969 1220 4050 reddunt,
1244 3969 1289 4032 ad
1303 3990 1412 4054 qram-

294 4053 431 4114 maticae
459 4047 593 4134 requlas
623 4073 662 4113 66
689 4055 862 4137 castiqant,
889 4074 1144 4136 nonnumquam,
1174 4061 1209 4116 ut
1236 4074 1412 4116 sermonem

292 4136 569 4220 perspicaciorem
590 4133 854 4220 deqantioremue
871 4135 1022 4216 reddant,
1038 4137 1202 4220 quaedam
1222 4145 1349 4200 mutant
1363 4135 1412 4199 666

296 4219 433 4282 addunt.
480 4216 573 4290 Quod
595 4221 671 4304 jam
697 4221 801 4284 medio
829 4219 958 4284 saecuto
981 4218 1037 4282 IX.
1055 4220 1189 4306 factum
1210 4223 1250 4285 sit
1280 4229 1411 4306 oportet,

295 4325 367 4367 cum
389 4299 535 4386 esempla
551 4301 615 4366 duo
639 4303 685 4366 ad
707 4303 791 4367 hanc
813 4326 914 4388 usque
937 4312 1071 4368 aetatem
1087 4305 1277 4386 ascendant,
1299 4304 1413 4369 66136-

294 4387 477 4472 tharinqia,
500 4394 535 4450 ut
549 4387 686 4468 videtur,
710 4409 772 4472 quo
795 4386 856 4452 ibba
871 4389 1038 4472 pertinent
1059 4398 1088 4452 et
1109 4389 1165 4454 ubi
1179 4389 1307 4476 Reqino
1330 4391 1414 4475 ejus·
