3076 5004
228 447 341 498 PAULI
359 445 534 498 HISTORIA
552 443 890 498 LANGOBARDORUM.
927 446 999 498 LIB.
1019 448 1068 500 IV.
1168 449 1223 498 14⁷

100 613 241 696 Tuderi,
277 613 425 694 Ameria,
460 612 609 694 Perusia,
642 613 827 695 Lueeoiisi,
862 623 894 680 et
929 613 1006 679 alias
1045 615 1220 700 quasdam⁰

99 697 254 762 civitates.
299 695 395 777 Quod
415 696 536 761 factum
558 718 632 761 cum
652 699 722 783 regi
743 697 773 760 A
799 697 885 761 ’ulio
906 699 1086 764 nuntiatum
1108 700 1221 782 essetd,

12 847 13 850 ,
98 782 208 845 statim
241 781 378 844 Τὶοἰιιοο
411 803 573 866 egressus,
608 803 682 846 eum
714 781 821 846 valio
862 783 1022 848 exercituf
1057 783 1218 847 civitatem
1232 798 1294 840 598?

97 865 291 929 Perusiam&
322 865 431 950 petiit·
470 865 579 953 ibique
610 887 669 950 per
705 865 773 930 dies
812 865 942 951 aliquod
972 866 1221 931 Maurisionem¹¹

97 949 215 1014 ducem
235 948 306 1012 Lan
331 913 542 1032 oberdorum,
572 951 627 1035 qui
654 972 688 1014 se
708 950 926 1014 Romanorum
951 951 1096 1036 partibus
1126 950 1221 1014 tradi-

98 1032 205 1114 derat,
228 970 361 1114 obsedit,
389 1042 422 1098 et
450 1033 518 1098 sine
539 1055 629 1097 mora
657 1044 788 1119 captum
813 1035 896 1099 vitai
922 1035 1072 1120 privavit.
1115 1034 1221 1098 Huius

97 1117 184 1202 regis
199 1114 396 1181 adventumk
408 1118 451 1180 “in
472 1126 596 1184 tantum
617 1114 730 1182 beatus
747 1117 922 1204 Gregorius
943 1140 1030 1217 papa
1051 1121 1221 1184 exterritus

97 1208 156 1281 est,
178 1208 214 1262 ut
234 1197 276 1262 ab
299 1201 498 1286 expositione
519 1199 640 1286 templi,
667 1202 708 1265 de
741 1224 804 1288 quo
826 1203 860 1264 in
880 1201 1068 1268 Ezechielel
1094 1200 1221 1287 legitur,

97 1283 275 1366 desisteret,
302 1285 386 1348 sicut
411 1285 422 1346 i
447 1307 481 1348 se
508 1306 637 1372 quoque
664 1287 698 1349 in
719 1287 785 1349 suis
813 1285 957 1351 homeliis
982 1287 1106 1350 referta
1149 1286 1222 1350 Rex

94 1368 195 1452 igitur
220 1365 356 1452 Agilulf,
382 1307 509 1434 roduam
532 1370 721 1455 conpositis,
750 1369 900 1433 Ticinum
925 1393 960 1434 re
985 1369 1103 1434 edavit.
1152 1369 1221 1434 Nec

95 1450 233 1514 multum
255 1461 345 1538 post,
378 1462 586 1538 suggerente¹
614 1454 755 1518 maxime
776 1393 998 1519 Theudelinda
1024 1454 1136 1538 regina
1163 1474 1221 1517 sua

95 1535 246 1619 coniuge,
275 1536 358 1600 sicut
385 1547 478 1600 eam⁰
500 1535 612 1602 beatus
637 1548 746 1636 papal’
770 1537 945 1622 Gregorius
967 1539 1033 1603 suis
1055 1560 1072 1602 e
1096 1535 1221 1601 istulist

96 1619 226 1704 saepius
240 1621 426 1702 ammonuit,
446 1643 519 1685 cum
535 1621 647 1686 eodem
662 1643 731 1686 vrro
746 1623 946 1686 sanctissimo
960 1644 1046 1708 papa.
1093 1621 1218 1707 regorio

97 1711 196 1788 atque
227 1703 380 1768 Romanis
418 1725 533 1790 pacem
573 1705 788 1769 firmissimam
820 1707 974 1792 *pepigit
1020 1692 1337 1804 Eidemquefissffm

96 1786 228 1871 reginae
253 1786 339 1850 idem
368 1787 561 1854 venerabilis
590 1789 760 1854 sacerdos⁵
798 1811 857 1876 pro
889 1791 1064 1876 gratiamm
1096 1799 1220 1854 actione

98 1869 182 1933 hanc
205 1871 374 1956 epistulam
396 1871 550 1936 direxit²z

185 1954 215 2018 9.
259 1953 446 2038 ‘Gregorius
485 1956 724 2022 Theudalindae
758 1957 889 2042 reginae
925 1955 1221 2042 Langobardorum.

98 2037 184 2116 Quia
206 2037 394 2104 excellentia
420 2050 528 2105 vestra
554 2041 596 2104 ad
620 2041 820 2106 faciendumt
853 2063 968 2127 pacem
993 2041 1164 2104 studiosius
1190 2049 1221 2104 et

95 2119 235 2206 benigne
261 2145 304 2204 se,
327 2124 409 2188 sicut
434 2123 526 2206 solet,
552 2125 770 2210 inpenderiti,
798 2125 998 2189 renuntiante
1023 2123 1089 2188 filio
1111 2135 1220 2188 nostro

17 2234 20 2238 ·
96 2203 204 2270 Probo
218 2205 334 2270 abbate
350 2208 570 2292 cognovimus.
614 2209 682 2272 Nec
697 2209 783 2272 enim
798 2207 892 2273 aliter
906 2207 966 2272 dev
990 2207 1221 2272 christianitate

101 2363 391 2419 a)1iaiderc·1.1.a;
416 2371 499 2410 interae
521 2370 558 2410 'Pu
582 2381 663 2412 ecorr.
681 2371 702 2410 D
720 2373 740 2410 1.
818 2367 841 2420 b)
857 2370 973 2410 Luceolus
988 2368 1010 2408 A
1025 2369 1046 2411 5.
1071 2368 1097 2411 G.
1121 2369 1151 2408 D.
1168 2370 1180 2408 I
1197 2371 1218 2408 1.

97 2423 119 2476 c)
136 2435 194 2475 quas
209 2427 266 2467 duas
281 2425 303 2466 A
319 2429 339 2469 1.
401 2427 425 2479 d)
441 2429 523 2468 fuisset
538 2428 589 2468 At.
605 2430 656 2469 Da.
718 2426 740 2477 e)
757 2429 864 2468 Ticinum
881 2428 928 2471 Gi.
988 2426 1008 2479 t)
1025 2429 1154 2468 exercitum
1169 2428 1219 2468 ΡΙ.

81 2482 121 2535 g)
139 2495 158 2526 c.
175 2485 251 2524 statim
266 2486 292 2525 P.
308 2487 329 2526 A
345 2487 371 2536 23
386 2488 508 2527 Perusiam
523 2488 553 2527 D.
612 2485 637 2538 h)
654 2489 827 2528 Maurusionem
844 2487 865 2528 G
880 2483 917 2537 ’ῖς
933 2488 1013 2529 Maris.
1029 2487 1048 2526 F
1066 2489 1085 2526 1.
1144 2483 1171 2537 i)
1187 2487 1219 2525 vi·

11 2547 13 2552 '
95 2547 144 2584 tam
165 2544 184 2582 F
201 2543 230 2583 1?
247 2542 268 2584 G
284 2546 305 2585 1.
321 2545 342 2584 ³.
357 2546 379 2584 4.
447 2543 519 2595 inita
534 2545 555 2584 A
571 2547 592 2586 1.
609 2543 640 2587 'a
659 2545 689 2587 ·4.
707 2547 728 2586 4.
746 2546 768 2586 5.
790 2547 845 2588 Fi.
871 2546 892 2588 G
909 2549 930 2588 1.
947 2545 977 2588 ’2.
994 2548 1013 2588 2.
1031 2546 1051 2586 b.
1068 2546 1094 2594 43
1117 2545 1219 2585 adventu

97 2603 168 2644 caari.
237 2600 397 2652 1)Daechielo
419 2605 438 2644 F
455 2607 476 2645 1.
500 2604 520 2644 G
536 2607 557 2646 1.
574 2601 605 2644 ⁸2.
623 2605 649 2654 s;
671 2606 826 2646 Ezechiehelo
843 2605 860 2646 0
875 2603 910 2655 '13
933 2605 1065 2646 Ieaechieio
1082 2604 1099 2646 G
1118 2607 1143 2653 1;
1165 2605 1219 2643 Hie-

97 2661 203 2702 aeehielo
219 2659 268 2702 Gt.
329 2661 362 2713 m)
379 2664 482 2704 extincto
497 2665 639 2704 Mauricione
656 2665 730 2705 Ticin.
748 2676 824 2705 ecorr.
840 2665 889 2704 Pl.
949 2665 974 2718 n)
991 2667 1153 2712 suggerentem
1168 2663 1217 2704 Pl.

97 2719 120 2772 o)
136 2721 206 2760 etiam
221 2721 240 2760 D
258 2721 279 2760 i.
295 2721 321 2761 F.
339 2721 366 2763 G.
427 2720 451 2774 p)
468 2723 523 2762 deest
537 2725 559 2762 D
576 2724 597 2764 a.
615 2723 641 2772 ὃς
657 2723 697 2764 Gr.
712 2735 736 2774 p.
752 2725 774 2763 D
791 2725 817 2774 13
840 2735 857 2764 s.
874 2734 895 2766 e.
911 2734 929 2764 s.
946 2728 966 2762 et
981 2723 1062 2764 eodem
1078 2733 1100 2765 v.
1115 2733 1134 2762 s.
1150 2733 1172 2770 p.
1190 2720 1218 2762 G.

95 2783 166 2828 atque
181 2779 224 2820 dee.
240 2779 262 2818 D
279 2779 300 2820 i.
317 2779 337 2826 b,
352 2780 391 2820 uti
405 2783 496 2822 monuit
511 2785 531 2834 t,
547 2785 669 2822 monuerat
685 2783 705 2822 3.
760 2781 784 2834 q)
800 2783 832 2822 tta
847 2782 868 2822 A
885 2784 904 2821 1.
919 2783 938 2821 F
955 2784 975 2833 1,
991 2782 1085 2831 suffiae.
1137 2777 1157 2830 r)
1173 2781 1217 2820 Do·

96 2838 196 2887 demque
211 2839 230 2877 li
246 2840 267 2879 1.
327 2837 347 2889 s)
366 2837 491 2888 Gregorius
506 2841 527 2880 D
544 2841 565 2882 i.
583 2843 603 2882 3.
664 2841 682 2892 t)
698 2843 830 2882 faciendam
846 2840 872 2881 (t.
888 2842 984 2885 D.11.
1049 2837 1074 2890 u)
1091 2839 1218 2889 inpendere

94 2897 114 2938 B
133 2898 168 2938 la.
184 2897 212 2938 G.
229 2897 241 2936 Ι
256 2898 282 2947 ²3
298 2898 333 2937 sol
348 2899 471 2948 inpenderi
486 2901 504 2938 F
521 2903 547 2949 13
562 2901 649 2940 studuit
664 2901 799 2951 impendere
814 2901 833 2939 F
850 2900 875 2949 53
891 2901 952 2939 sicut
963 2903 1014 2949 post
1029 2899 1068 2940 det.
1085 2899 1103 2938 F
1121 2900 1141 2950 1,
1162 2899 1218 2937 deest

99 2955 121 2996 G
136 2955 172 2996 ee.
190 2977 217 2988 -
234 2957 407 2998 renuntiantem
422 2959 440 2997 F
457 2959 478 2998 1.
539 2956 563 3010 v)
580 2959 608 2999 de
627 2981 651 2990 -
668 2959 800 3000 tundendas
816 2959 891 2999 inerat
905 2959 948 2999 dea
966 2958 986 2998 G
1002 2957 1036 2998 bc.

99 3085 128 3154 1)
148 3087 184 3140 D.
206 3086 327 3156 Gregorii
345 3088 426 3142 verba
439 3089 561 3156 prodat.
579 3089 725 3143 tertull.
742 3107 823 3157 super
840 3089 1018 3142 Ezechielem:
1038 3091 1108 3152 Quia
1127 3087 1218 3139 multis

97 3163 167 3214 curis
194 3163 376 3229 prementibus
395 3163 548 3214 Ezechielis
576 3165 723 3231 prophetae
751 3164 849 3216 librum
868 3181 957 3215 coram
988 3164 1099 3214 cantate
1127 3166 1217 3214 vestra

95 3240 180 3286 totum
198 3251 247 3302 per
265 3236 385 3286 ordinem
404 3239 565 3303 perscrutari
591 3253 645 3288 non
673 3237 764 3288 licuit:
785 3239 862 3289 bonis
890 3237 1030 3288 desideriis
1049 3236 1152 3302 placuit
1169 3249 1217 3300 pa·

11 3321 12 3324 ’
95 3324 163 3372 rere,
184 3315 215 3360 ut
233 3309 328 3360 saltem
355 3315 474 3361 extrema
498 3313 555 3362 eius
580 3312 657 3372 visio,
682 3326 751 3378 quae
779 3313 804 3362 ei
828 3311 901 3361 iacta
926 3315 967 3361 eet
992 3309 1026 3359 de
1046 3307 1170 3358 aedilicio
1189 3307 1219 3356 in

96 3387 186 3433 moute
206 3384 358 3446 constituto,
378 3399 447 3448 quae
467 3389 494 3435 et
520 3385 623 3435 cunctis
643 3389 684 3435 est
701 3385 849 3435 visionibus
868 3385 925 3434 eius
949 3383 1095 3444 obscurior,
1121 3379 1219 3446 exponi

97 3455 242 3506 debuisset.
280 3456 316 3506 Et
334 3456 443 3521 quidem
461 3456 595 3508 voluntati
620 3461 728 3508 vestrae
756 3469 799 3508 me
823 3471 917 3522 parere
942 3470 1053 3506 necesse
1073 3459 1122 3504 cst.
1162 3450 1218 3502 Sed

97 3527 151 3578 duo
170 3533 232 3578 sunt
247 3544 316 3592 quae
335 3529 387 3578 hac
406 3532 434 3579 in
452 3546 482 3580 re
502 3531 657 3596 perturbant
676 3531 793 3580 animum
813 3545 909 3592 meum,
935 3543 1025 3590 unum,
1055 3525 1128 3592 quod
1147 3525 1217 3574 haee

98 3599 194 3651 eadem
216 3602 285 3652 visio
313 3606 405 3652 tantae
426 3602 596 3654 obscuritatis
622 3602 727 3654 nebulis
750 3603 858 3668 tegitur,
887 3607 917 3653 ut
942 3603 987 3652 vix
1012 3601 1041 3649 in
1061 3615 1093 3650 ea
1113 3595 1216 3662 aliquid

96 3671 237 3725 intellectu
263 3673 440 3726 interlucente
465 3676 604 3738 videatur3
632 3675 714 3738 aliud,
740 3675 811 3742 quod
836 3677 892 3726 iam
909 3673 1083 3740 Agilulphum
1109 3671 1217 3736 Lango-

96 3746 242 3798 bardorum
261 3761 353 3812 regem
366 3746 402 3796 ad
421 3747 588 3800 obsidionem
607 3753 724 3800 nostram
743 3763 910 3814 summopere
928 3748 1100 3798 festinantem
1112 3744 1217 3794 Padum

96 3818 224 3872 transisse
245 3821 433 3885 cognovimus3
459 3821 530 3872 unde
551 3828 672 3889 pensate,
691 3823 786 3874 fratres
806 3823 945 3884 carissimi,
968 3822 997 3869 in
1016 3818 1171 3882 caliginosis
1191 3820 1218 3866 et

96 3893 216 3958 mysticis
236 3893 358 3944 sensibus
383 3900 523 3960 penetrare
544 3895 608 3961 quid
633 3895 724 3946 valeat
746 3911 821 3946 mens
847 3896 951 3956 misera,
976 3893 1078 3942 timoris
1098 3891 1139 3942 sui
1157 3904 1216 3956 per·
1281 3959 1283 3966 Ι

97 3966 293 4018 turbationibus
322 3973 454 4033 occupata
482 3977 529 4020 etc.
568 3966 691 4020 Recitata
717 3985 779 4020 cero
808 3965 921 4018 homelia
948 3961 1043 4015 XXII.
1072 3963 1137 4015 baec
1162 3962 1216 4012 ait:

96 4041 182 4092 Nemo
201 4045 291 4090 autem
310 4055 353 4090 me
372 4041 559 4106 reprehendat,
579 4043 602 4092 si
620 4043 769 4108 posthanc
787 4041 950 4091 locutionem
976 4053 1125 4100 cessavero,
1145 4037 1216 4102 quia,

97 4115 166 4166 sieut
178 4129 270 4164 ornnes
291 4116 407 4178 cernitis,
427 4120 533 4166 nostrae
551 4115 737 4167 tribulationes
757 4118 938 4166 exerevenmt.
974 4111 1099 4177 Undique
1119 4109 1217 4176 gladiis

100 4188 253 4239 circumfusi
272 4203 370 4252 sumus,
395 4189 515 4254 undique
540 4190 682 4240 imminens
701 4191 793 4240 mortis
818 4187 966 4255 perieulum
990 4187 1124 4237 timemus.
1162 4182 1217 4233 Alii

100 4261 263 4313 detruncatis
282 4261 318 4312 ad
336 4279 384 4314 nos
410 4263 533 4314 manibus
558 4262 679 4326 redeunt,
705 4263 751 4313 alii
771 4265 852 4330 capti,
877 4261 924 4312 alii
951 4259 1105 4326 interempti
1123 4255 1216 4307 nunci-

99 4340 186 4386 antur.
223 4337 282 4386 Iam
298 4351 380 4402 cogor
397 4335 517 4403 linguam
531 4337 565 4388 ab
586 4337 751 4403 expositione
770 4338 894 4400 retinere,
914 4335 977 4400 quia
989 4333 1083 4384 taedet
1101 4331 1216 4380 animam

98 4425 186 4461 meam
204 4410 276 4460 vitae
296 4424 372 4460 meae
392 4417 439 4460 ate.
459 4411 507 4462 BI.
582 4407 611 4476 2)
631 4409 695 4478 Ray.
715 4409 765 4474 IX,
785 4410 830 4461 43.

934 4509 986 4558 10*
