2994 4998
239 416 350 468 PAULI
370 415 543 468 HISTORIA
562 413 897 468 LANGOBARDORUM.
934 417 1006 468 LIB.
1025 417 1059 469 V.
1166 417 1217 468 tsi

97 581 147 647 ibi
191 581 301 646 allium
320 603 399 645 auro
423 579 603 661 textilem³3
627 587 658 643 et
678 601 809 645 manens
830 590 909 666 aput
927 583 1082 647 Romami
1105 582 1218 650 diebus

97 604 281 748 duodecim,
310 666 416 729 omnia
445 685 527 763 quae
553 664 677 728 fuerant
702 665 876 750 antiquitus
904 666 1049 730 instituta
1076 689 1117 731 ex
1144 689 1218 732 aere

95 749 132 812 in
155 757 376 813 ornamentum
398 748 535 813 civitatis
557 746 715 832 deposuit,
742 749 919 812 intantum
943 751 1092 814 ut-etiam
1113 751 1218 814 basili-

97 845 191 895 cam⁰
222 833 335 896 beatae
363 832 497 909 Mariae,
551 851 611 894 uae
638 829 811 915 aliquando
839 829 1013 917 pantheum
1041 832 1218 898 vocabatur

98 928 132 980 et
155 913 318 980 conditum
344 914 466 979 *fuerat
486 915 521 977 in
564 935 660 977 onore
682 915 825 977 omniurn
852 914 994 998 deorum,
1022 925 1054 980 et
1080 917 1145 979 iam
1172 917 1267 990 ibis.
1285 939 1335 985 rso.

97 1021 159 1084 per
180 999 418 1062 concessionem
439 997 638 1083 superiorum
666 999 850 1084 principum
874 997 964 1062 locus
988 1009 1055 1064 erat
1077 1001 1218 1063 omnium

97 1091 292 1166 martyrum,
322 1081 553 1166 discoperiretd
581 1080 768 1167 tegulasque
789 1103 899 1146 aereas
921 1081 1038 1146 exinde
1060 1083 1218 1147 auferret⁰

97 1187 217 1250 easque
239 1163 332 1228 simul
351 1187 424 1230 cum
440 1163 510 1228 aliis
532 1165 680 1230 omnibus
703 1167 896 1230 ornamentis
911 1163 1219 1264 Constantinopolim

83 1249 333 1312 transmitteret.
375 1248 502 1312 Deinde
523 1270 668 1312 reversus
695 1249 868 1334 imperator
886 1247 1069 1334 Neapolim,
1091 1250 1220 1314 inneref

96 1339 224 1396 terreno
253 1333 396 1416 perrexit
417 1333 577 1396 civitatem
599 1331 768 1415 Regiuma
816 1333 854 1396 In
895 1354 1048 1418 essusque
1077 1332 1218 1397 Siciliam

95 1437 156 1500 per
179 1413 386 1479 indictionem
416 1415 594 1508 septimam,
624 1414 780 1480 habitavit
800 1416 835 1478 in
926 1417 1055 1498 acusah,
1082 1425 1114 1481 et
1139 1415 1218 1481 tales

95 1496 286 1562 afflictiones
307 1499 460 1584 inposuit¹
506 1496 602 1584 opulo
625 1520 682 1561 seu
710 1438 943 1563 habitatoridds
972 1497 1025 1563 vel
1053 1521 1217 1584 possesso·

94 1582 185 1646 ribus
216 1579 392 1664 Calabriae,
424 1581 487 1646 Sic'
503 1583 560 1663 'ae,
593 1579 746 1646 Affioaek
775 1592 871 1681 atque
898 1581 1074 1664 Sardiniae,
1108 1581 1217 1669 quales
1226 1607 1313 1658 scasas.

96 1674 191 1730 antea
217 1685 394 1752 numquam
415 1665 542 1729 auditae
557 1672 638 1746 sunt,
661 1666 706 1728 ita
726 1674 763 1729 ut
784 1676 879 1730 stram
901 1687 1018 1730 uxores
1032 1667 1040 1708 ¹
1055 1687 1075 1728 a
1095 1668 1217 1730 maritis

93 1747 147 1814 vel
168 1747 251 1811 iiiiiln
280 1769 299 1810 a
324 1749 510 1834 parentibus
539 1758 770 1834 separarentur.
821 1747 909 1814 Sedn
931 1758 962 1812 et
983 1749 1044 1812 alia
1065 1749 1165 1814 multa
1187 1759 1218 1814 et

94 1832 239 1895 inaudita
260 1830 373 1896 harum
394 1833 562 1916 regionum
582 1829 693 1916 populi
720 1841 794 1896 sunt
814 1833 969 1918 perpessi,
998 1834 1044 1896 ita
1065 1842 1101 1897 ut
1122 1831 1218 1896 alicui

94 1937 169 2000 spes
191 1915 276 1980 vitae
296 1937 362 1978 non
382 1924 568 1980 remaneret.
611 1915 694 1979 Nam
717 1924 748 1980 et
769 1939 846 1980 vasa
868 1925 992 1980 sacrata
1006 1913 1057 1981 vel
1079 1915 1216 1980 cimilia⁰

94 2008 276 2062 sanctarum
310 1999 374 2064 Dei
411 1997 616 2064 ecclesiarum
649 1998 806 2083 imperiali
834 2001 924 2063 iussu
953 2009 1006 2064 etr
1037 1999 1215 2064 Grecorum

94 2083 235 2146 avaricia
256 2080 382 2147 sublata
400 2091 483 2146 sunt
494 2094 518 2144 1.
560 2081 680 2146 Mansit
701 2093 808 2147 autem
835 2083 1010 2168 imperator
1031 2083 1065 2144 in
1087 2081 1215 2147 Siciliar

95 2165 136 2230 ab
165 2164 358 2228 indictione⁵
388 2165 524 2250 septima
548 2165 706 2249 usquein
734 2165 970 2248 duodecimam3
999 2165 1056 2230 sed
1084 2167 1214 2231 tandem

94 2257 256 2312 tantarum
284 2248 488 2332 iniquitatum
514 2267 634 2331 poenas
660 2245 728 2330 luit,
757 2257 853 2334 atque
882 2247 959 2311 dum
989 2271 1023 2312 se
1044 2249 1078 2311 in
1098 2247 1212 2314 balneo

93 2329 225 2410 lavaret,
247 2351 267 2392 a
289 2331 355 2393 suis
377 2330 535 2395 extinctus
556 2339 613 2394 est.
1222 2355 1273 2397 eea

182 2414 230 2478 12.
273 2413 445 2477 Interfecto
466 2413 565 2498 igitur
585 2421 664 2498 aput
679 2412 844 2478 Siracusas
867 2413 1057 2478 Constantet
1077 2415 1213 2500 impera-

95 2507 174 2579 tore,
213 2495 391 2562 Mecetius¹¹
424 2497 458 2559 in
491 2494 623 2561 Siciliav
656 2517 790 2645 regnum
822 2497 970 2582 arripuit,
1003 2497 1059 2562 sed
1091 2497 1213 2583 absque

96 2579 257 2644 orientalis
277 2581 436 2644 exercitus
454 2577 616 2644 voluntate
626 2593 646 2642 ¹.
719 2588 809 2643 cntra
831 2601 926 2666 quem
947 2579 1058 2644 Italiae
1077 2581 1217 2646 militesw

97 2662 151 2728 alii
202 2686 237 2728 er
263 2663 435 2746 Histriam,
469 2661 523 2726 alii
552 2685 610 2761 per
637 2673 743 2748 partes
771 2661 981 2749 Campaniae,
1010 2663 1065 2727 alii
1092 2686 1169 2730 vero
1196 2685 1215 2727 a

21 2807 23 2810 .
97 2687 241 2833 partiius
263 2747 393 2812 Africae
415 2757 447 2812 et
469 2745 635 2812 Sardiniae
664 2747 850 2812 venientes¹
871 2748 905 2810 in
927 2748 1110 2830 Siracusas,
1141 2769 1215 2812 eum

96 2830 162 2895 vita
182 2833 357 2926 privarunt.
399 2829 581 2916 Multiquei
604 2852 645 2894 ex
665 2829 827 2894 iudicibus
848 2831 917 2894 eius
939 2830 1118 2896 detruncati
1133 2829 1216 2896 Ocn-

98 2913 334 2998 stantmopolim
355 2913 502 3000 perducti
516 2923 606 2996 sunt,
628 2935 702 2978 cum
718 2913 833 3000 quibus
847 2915 966 3000 pariter
980 2924 1012 2980 et
1029 2913 1101 2978 falsi
1115 2916 1215 3000 impe-

97 2997 232 3061 ratoris²
253 3007 350 3082 caput
371 3005 419 3060 est
439 2996 650 3082 deportatum.

99 3120 120 3174 a)
137 3123 209 3165 ituit
227 3121 392 3175 e1-4.Ia‚
415 3133 462 3162 cum
478 3121 595 3173 (111111.)
620 3122 702 3163 textile
717 3121 738 3162 A
756 3125 776 3174 1,
792 3123 844 3172 ulii3
867 3126 930 3163 texto
955 3120 1019 3165 0‘1.
1036 3125 1057 3164 D
1075 3126 1100 3174 1)
1123 3127 1214 3165 textum

98 3181 160 3221 catari
175 3181 201 3222 (1.
217 3182 246 3223 D.
267 3182 315 3222 11.
336 3203 359 3212 -
385 3191 441 3221 auro
457 3181 513 3220 ducat
527 3182 547 3221 11
564 3183 585 3224 1,
659 3179 684 3232 b)
700 3181 816 3222 Romanos
839 3181 860 3221 A
875 3182 896 3222 8.
920 3181 992 3224 (1.1).
1067 3179 1088 3233 c)
1104 3183 1214 3224 basilicae

97 3241 118 3280 A
135 3241 160 3289 1)
175 3240 274 3280 basilica
288 3240 307 3278 F
324 3241 344 3281 1.
390 3238 414 3291 d)
431 3240 586 3290 discooperiat
600 3238 622 3279 A
637 3240 657 3281 6.
705 3239 726 3292 a)
743 3250 782 3280 aas
798 3244 859 3280 esset
869 3245 920 3290 post
935 3251 995 3281 corr.
1011 3241 1151 3282 excussisset
1164 3243 1213 3282 Fl.

97 3297 157 3351 oin
171 3299 197 3341 lt.
211 3299 230 3338 F
247 3299 267 3338 1.
291 3297 312 3338 (1
328 3301 348 3338 1.
366 3299 393 3348 1)
418 3309 461 3348 per
483 3308 539 3338 reno
555 3309 612 3339 corr.
637 3301 730 3338 terreno
748 3298 768 3340 G
784 3301 804 3340 1.
822 3299 848 3348 1)
872 3300 959 3338 tirrano
976 3297 997 3340 (1
1014 3299 1026 3338 e
1043 3309 1125 3341 esaar.
1142 3299 1163 3340 G
1179 3299 1213 3342 50.

97 3355 120 3408 g)
136 3357 234 3406 Regiam
248 3357 269 3397 A
285 3356 306 3398 8.
320 3357 342 3396 D
359 3359 394 3398 la.
412 3357 433 3396 2.
450 3357 471 3397 8.
488 3353 534 3398 ‘aa
551 3357 573 3398 4.
589 3357 608 3396 F
624 3354 655 3397 ⁸2.
673 3357 741 3406 G5c3
756 3367 854 3406 regnum
870 3356 925 3406 G23
942 3355 1031 3397 Civium
1048 3357 1065 3398 O
1081 3354 1116 3406 ’1)
1133 3357 1214 3398 Ohium

99 3415 256 3466 01.a.11,
278 3425 335 3454 carr.
351 3415 449 3464 Regium
464 3415 486 3454 D
503 3418 524 3455 1.
599 3413 623 3466 h)
639 3414 756 3466 Syracusa
775 3416 794 3454 P
810 3417 831 3456 1.
849 3413 869 3456 G
885 3418 906 3454 1.
981 3412 998 3465 l)
1014 3416 1039 3454 in
1055 3426 1097 3454 suo
1112 3416 1131 3454 F
1148 3417 1173 3464 1)
1188 3416 1215 3456 in

99 3483 139 3514 auo
155 3485 179 3523 p.
197 3493 223 3502 -
248 3472 369 3513 Sardiniae
391 3473 471 3513 intulit
487 3472 515 3513 G.
531 3473 543 3512 Ι
560 3475 585 3523 11)
609 3475 713 3515 exercuit
727 3475 753 3513 ln
774 3474 823 3514 13.
898 3471 995 3524 k)Affr.
1016 3471 1038 3512 A
1054 3473 1074 3514 5.
1092 3474 1113 3512 D
1129 3469 1175 3516 'aa
1192 3473 1214 3514 8.

98 3533 117 3572 F
133 3528 201 3572 ’1.4.
218 3529 245 3570 G.
261 3531 283 3570 H
300 3532 319 3571 1.
336 3531 349 3570 1
364 3532 384 3571 1.
402 3531 422 3578 5,
438 3535 457 3570 ct
471 3531 504 3570 itu
516 3536 601 3581 postea.
661 3529 679 3583 i)
695 3542 792 3572 uxorem
809 3530 903 3576 (tl-4.
962 3528 994 3581 m)
1011 3531 1068 3570 tiliis
1082 3533 1102 3571 B
1120 3534 1140 3582 1,
1155 3542 1212 3573 carr.

99 3590 141 3630 illli
155 3589 177 3628 D
193 3590 219 3638 1)
241 3589 302 3628 fliius
319 3588 340 3629 G
355 3589 381 3638 1)
404 3589 464 3629 filios
489 3589 509 3628 G
526 3591 546 3631 1.
563 3591 584 3630 1.
600 3590 621 3628 4.
638 3589 659 3631 5.
734 3588 759 3640 n)
776 3589 822 3630 Sed
846 3611 873 3621 -
895 3591 1027 3630 remaneret
1042 3591 1084 3629 das.
1101 3589 1122 3630 G
1137 3586 1169 3631 ⁸5.
1187 3611 1214 3620 -

100 3651 185 3696 etpost
199 3647 270 3696 sappi.
286 3648 305 3686 F
321 3649 343 3690 1.
417 3644 440 3698 ο)
455 3647 544 3688 similia
558 3648 578 3688 A
594 3649 620 3696 3)
636 3648 740 3688 chimilia
754 3648 776 3688 H
792 3650 817 3698 1)
833 3648 925 3689 cimelia
939 3649 961 3688 D
976 3648 1002 3697 1)
1023 3645 1143 3699 ci(y)mbla
1159 3647 1177 3689 (1
1193 3649 1213 3690 1.

99 3707 151 3754 11)
168 3705 262 3756 cybaria
278 3704 295 3746 (1
312 3706 336 3755 1)
360 3707 492 3745 communia
506 3704 527 3743 A
543 3706 564 3746 5.
581 3727 608 3736 --
630 3708 747 3746 'sacrarum
762 3705 782 3744 A
799 3707 820 3750 8.
895 3703 920 3757 p)
936 3717 949 3746 a
964 3706 982 3746 F
999 3709 1018 3748 1.
1036 3705 1056 3747 (1
1073 3708 1093 3748 1.
1109 3703 1143 3755 ’1)
1159 3707 1214 3746 derat

100 3763 194 3809 (11.3,
254 3761 277 3815 q)
294 3763 315 3803 A
331 3765 343 3804 6
359 3763 397 3803 tac
412 3764 457 3802 loeo
472 3764 548 3803 ineerta
562 3775 581 3803 a.
595 3765 634 3816 VI,
651 3763 671 3805 5.
689 3769 707 3804 at
722 3765 749 3816 V,
766 3765 801 3807 10.
866 3763 886 3816 r)
902 3764 1012 3816 syciliam
1028 3765 1046 3804 F
1063 3766 1084 3804 1.
1145 3761 1165 3816 a)
1181 3765 1214 3804 iu·

99 3823 229 3872 disciturum
243 3822 262 3861 F
279 3824 299 3864 1.
359 3820 377 3872 t)
394 3821 542 3862 constantem
557 3823 721 3872 imperatorem
737 3822 754 3864 (1
770 3820 802 3864 ’1.
863 3823 1016 3876 u)·Mececiue
1031 3823 1085 3873 Β1)
1101 3823 1213 3863 Macarius

98 3883 118 3924 A
133 3878 169 3931 ⁸33
185 3881 294 3922 Metetlus
309 3881 327 3920 F
343 3881 364 3922 i.
381 3879 402 3921 G
418 3882 438 3922 1.
457 3882 476 3920 1.
493 3877 523 3922 ’8,
540 3881 565 3930 4)
582 3882 705 3921 Metentlus
720 3881 738 3920 F
753 3878 784 3922 ’1.
800 3882 812 3921 I
828 3882 853 3930 8;
876 3883 983 3923 Mecilium
999 3881 1020 3919 A
1034 3881 1069 3930 '23
1085 3879 1213 3922 Mezentius

99 3941 119 3980 A
135 3941 154 3980 2.
171 3939 193 3978 D
211 3939 232 3991 (1
249 3950 259 3978 a
275 3937 350 3991 com).
365 3939 384 3979 F
401 3938 421 3980 5.
482 3937 506 3990 v)
523 3936 662 3992 Si(y)oiliam
677 3939 696 3978 F
713 3941 733 3980 1.
757 3939 857 3982 (ti-e.
917 3937 948 3990 w)
965 3939 1044 3978 millae
1059 3940 1145 3980 militas
1162 3939 1213 3989 01,

100 3999 191 4039 emiliae
207 3997 293 4038 milltes
308 3996 326 4038 0
343 3999 368 4047 1)
390 3997 460 4037 Italia
475 3998 553 4059 pmilie
569 3998 655 4038 milites
670 3997 682 4036 1
699 3999 722 4046 1)
745 3998 794 4037 tuda
803 3998 858 4046 sarit
873 3999 904 4038 at.
920 3997 986 4037 Lina.
1003 3998 1101 4038 militiae
1116 3998 1212 4040 milites.

98 4055 121 4106 x)
137 4057 287 4096 vehementer
301 4056 326 4096 in
342 4055 365 4097 S.
382 4057 499 4097 irruerunt
515 4067 613 4105 eamque
629 4056 655 4098 0.
671 4056 700 4098 D.
715 4055 727 4094 1
744 4057 764 4095 1.
783 4077 809 4086 -
825 4067 846 4098 e.
862 4068 883 4102 v.
899 4067 922 4106 p.
939 4057 983 4098 du.
1000 4055 1017 4096 G
1034 4057 1054 4095 1.
1114 4056 1139 4109 y)
1154 4057 1211 4099 Mul·

99 4116 174 4164 iisque
189 4115 214 4157 F.
231 4113 296 4155 (111
312 4114 337 4164 5)
352 4115 421 4154 Multi
438 4137 464 4146 -
481 4115 611 4157 detruncati
626 4114 738 4162 multique
755 4113 781 4154 0.
797 4115 826 4156 D.

102 4205 130 4275 1)
148 4208 252 4260 Paulus
278 4207 309 4260 G.
328 4216 404 4274 pont.
424 4207 535 4273 Adeod,
563 4224 632 4275 quae
661 4206 792 4272 caecabit,
821 4208 890 4259 male
909 4208 1067 4260 mielleciaae
1098 4207 1211 4270 uidetur,

101 4281 145 4332 ott
164 4281 272 4349 legitur:
291 4283 434 4346 Mezeziue,
455 4284 500 4350 qui
520 4289 577 4334 erat
595 4283 624 4332 in
643 4281 737 4333 Sicilia
757 4297 817 4332 cum
837 4282 954 4332 exercitu
973 4281 1111 4344 orientale,
1130 4283 1212 4332 intar-

100 4356 192 4406 tizavit
205 4360 232 4406 at
244 4355 355 4422 erripuit
368 4369 487 4422 regnum.
539 4353 568 4422 1)
588 4354 707 4408 simulet
721 4359 803 4423 caput
819 4354 938 4406 eiusdem
956 4355 1069 4406 intartae
1090 4353 1123 4404 θ.
1133 4359 1211 4418 porat.
