<?xml version="1.0" encoding="UTF-8"?>
<!DOCTYPE html PUBLIC "-//W3C//DTD XHTML 1.0 Transitional//EN"
    "http://www.w3.org/TR/xhtml1/DTD/xhtml1-transitional.dtd">
<html xmlns="http://www.w3.org/1999/xhtml" xml:lang="en" lang="en">
 <head>
  <title>
</title>
<meta http-equiv="Content-Type" content="text/html;charset=utf-8" />
  <meta name='ocr-system' content='tesseract 3.04.00' />
  <meta name='ocr-capabilities' content='ocr_page ocr_carea ocr_par ocr_line ocrx_word'/>
</head>
<body>
  <div class='ocr_page' id='page_1' title='image "./paulihistoriala00paulgoog_0030.png"; bbox 0 0 3040 5014; ppageno 0'>
   <div class='ocr_carea' id='block_1_1' title="bbox 296 409 1180 464">
    <p class='ocr_par' dir='ltr' id='par_1_1' title="bbox 296 409 1180 464">
     <span class='ocr_line' id='line_1_1' title="bbox 296 409 1180 464; baseline 0 -1"><span class='ocrx_word' id='word_1_1' title='bbox 296 416 334 464; x_wconf 83' lang='grc'><strong><em>26</em></strong></span> <span class='ocrx_word' id='word_1_2' title='bbox 524 413 634 464; x_wconf 82' lang='lat' dir='ltr'>PAULI</span> <span class='ocrx_word' id='word_1_3' title='bbox 652 411 825 463; x_wconf 81' lang='lat' dir='ltr'><strong>HISTORIA</strong></span> <span class='ocrx_word' id='word_1_4' title='bbox 845 409 1180 464; x_wconf 77' lang='lat' dir='ltr'><strong><em>LANGOBARDORUM.</em></strong></span> 
     </span>
    </p>
   </div>
   <div class='ocr_carea' id='block_1_2' title="bbox 294 579 1501 2177">
    <p class='ocr_par' dir='ltr' id='par_1_2' title="bbox 294 579 1501 1672">
     <span class='ocr_line' id='line_1_2' title="bbox 295 579 1410 671; baseline 0.001 -25"><span class='ocrx_word' id='word_1_5' title='bbox 295 582 437 646; x_wconf 78' lang='lat' dir='ltr'><strong><em>minibus</em></strong></span> <span class='ocrx_word' id='word_1_6' title='bbox 481 580 653 645; x_wconf 77' lang='lat' dir='ltr'><strong><em>urebantur</em></strong></span> <span class='ocrx_word' id='word_1_7' title='bbox 680 581 746 644; x_wconf 88' lang='lat' dir='ltr'><strong><em>sive</em></strong></span> <span class='ocrx_word' id='word_1_8' title='bbox 773 580 825 644; x_wconf 91' lang='lat' dir='ltr'><strong><em>sin</em></strong></span> <span class='ocrx_word' id='word_1_9' title='bbox 852 579 916 643; x_wconf 86' lang='lat' dir='ltr'><strong><em>ulis</em></strong></span> <span class='ocrx_word' id='word_1_10' title='bbox 943 579 1022 644; x_wconf 89' lang='lat' dir='ltr'><strong><em>locis</em></strong></span> <span class='ocrx_word' id='word_1_11' title='bbox 1051 581 1282 645; x_wconf 73' lang='lat' dir='ltr'><strong><em>narrabantur</em></strong></span> <span class='ocrx_word' id='word_1_12' title='bbox 1303 581 1363 671; x_wconf 87' lang='lat' dir='ltr'><strong><em>(II,</em></strong></span> <span class='ocrx_word' id='word_1_13' title='bbox 1378 583 1410 647; x_wconf 83' lang='lat'><strong><em>8.</em></strong></span> 
     </span>
     <span class='ocr_line' id='line_1_3' title="bbox 294 662 1408 750; baseline -0.001 -20"><span class='ocrx_word' id='word_1_14' title='bbox 294 665 359 747; x_wconf 88' lang='lat' dir='ltr'><strong><em>III,</em></strong></span> <span class='ocrx_word' id='word_1_15' title='bbox 374 665 425 729; x_wconf 89' lang='grc'><strong><em>32.</em></strong></span> <span class='ocrx_word' id='word_1_16' title='bbox 496 665 558 746; x_wconf 64' lang='grc' dir='ltr'><strong><em>,ὃς</em></strong></span> <span class='ocrx_word' id='word_1_17' title='bbox 584 662 626 747; x_wconf 82' lang='lat' dir='ltr'><strong><em>cf.</em></strong></span> <span class='ocrx_word' id='word_1_18' title='bbox 652 663 763 746; x_wconf 69' lang='lat' dir='ltr'><strong><em>Lm).</em></strong></span> <span class='ocrx_word' id='word_1_19' title='bbox 838 685 917 748; x_wconf 89' lang='lat' dir='ltr'><strong><em>ocpc</em></strong></span> <span class='ocrx_word' id='word_1_20' title='bbox 940 666 984 729; x_wconf 92' lang='lat' dir='ltr'><strong><em>ad</em></strong></span> <span class='ocrx_word' id='word_1_21' title='bbox 1006 687 1045 728; x_wconf 89' lang='grc'><strong><em>66</em></strong></span> <span class='ocrx_word' id='word_1_22' title='bbox 1097 674 1228 730; x_wconf 85' lang='lat' dir='ltr'><strong><em>rovocat</em></strong></span> <span class='ocrx_word' id='word_1_23' title='bbox 1257 689 1340 750; x_wconf 91' lang='lat' dir='ltr'><strong><em>quae</em></strong></span> <span class='ocrx_word' id='word_1_24' title='bbox 1366 666 1408 730; x_wconf 89' lang='lat' dir='ltr'><strong><em>ab</em></strong></span> 
     </span>
     <span class='ocr_line' id='line_1_4' title="bbox 296 687 1408 831; baseline -0.001 -16"><span class='ocrx_word' id='word_1_25' title='bbox 296 751 374 816; x_wconf 83' lang='lat' dir='ltr'><strong><em>aliis</em></strong></span> <span class='ocrx_word' id='word_1_26' title='bbox 394 751 468 814; x_wconf 89' lang='lat' dir='ltr'><strong><em>oisc</em></strong></span> <span class='ocrx_word' id='word_1_27' title='bbox 491 748 644 812; x_wconf 91' lang='lat' dir='ltr'><strong><em>audierat</em></strong></span> <span class='ocrx_word' id='word_1_28' title='bbox 665 749 710 831; x_wconf 85' lang='lat' dir='ltr'><strong><em>(I,</em></strong></span> <span class='ocrx_word' id='word_1_29' title='bbox 725 747 754 811; x_wconf 97' lang='grc'><strong><em>2.</em></strong></span> <span class='ocrx_word' id='word_1_30' title='bbox 770 747 800 810; x_wconf 90' lang='grc'><strong><em>6.</em></strong></span> <span class='ocrx_word' id='word_1_31' title='bbox 816 746 866 810; x_wconf 83' lang='grc'><strong><em>13.</em></strong></span> <span class='ocrx_word' id='word_1_32' title='bbox 888 747 933 829; x_wconf 90' lang='lat' dir='ltr'><strong><em>II,</em></strong></span> <span class='ocrx_word' id='word_1_33' title='bbox 949 748 978 813; x_wconf 88' lang='lat'><strong><em>8.</em></strong></span> <span class='ocrx_word' id='word_1_34' title='bbox 1006 687 1122 830; x_wconf 55' lang='lat'><strong><em>1515).</em></strong></span> <span class='ocrx_word' id='word_1_35' title='bbox 1165 749 1276 814; x_wconf 82' lang='lat' dir='ltr'><strong><em>Etiam</em></strong></span> <span class='ocrx_word' id='word_1_36' title='bbox 1303 759 1408 814; x_wconf 90' lang='lat' dir='ltr'><strong><em>terra-</em></strong></span> 
     </span>
     <span class='ocr_line' id='line_1_5' title="bbox 295 831 1413 919; baseline 0 -23"><span class='ocrx_word' id='word_1_37' title='bbox 295 857 370 898; x_wconf 91' lang='lat' dir='ltr'><strong><em>rnm</em></strong></span> <span class='ocrx_word' id='word_1_38' title='bbox 388 836 484 898; x_wconf 91' lang='lat' dir='ltr'><strong><em>situm</em></strong></span> <span class='ocrx_word' id='word_1_39' title='bbox 505 854 694 918; x_wconf 83' lang='lat' dir='ltr'><strong><em>coquoscere</em></strong></span> <span class='ocrx_word' id='word_1_40' title='bbox 715 842 745 897; x_wconf 91' lang='lat' dir='ltr'><strong><em>et</em></strong></span> <span class='ocrx_word' id='word_1_41' title='bbox 764 831 941 897; x_wconf 73' lang='lat' dir='ltr'><strong><em>describere</em></strong></span> <span class='ocrx_word' id='word_1_42' title='bbox 961 834 1029 917; x_wconf 88' lang='lat' dir='ltr'><strong><em>ipsi</em></strong></span> <span class='ocrx_word' id='word_1_43' title='bbox 1050 854 1149 898; x_wconf 92' lang='lat' dir='ltr'><strong><em>curae</em></strong></span> <span class='ocrx_word' id='word_1_44' title='bbox 1170 843 1231 897; x_wconf 85' lang='lat' dir='ltr'><strong><em>est:</em></strong></span> <span class='ocrx_word' id='word_1_45' title='bbox 1248 835 1359 919; x_wconf 89' lang='lat' dir='ltr'><strong><em>primo</em></strong></span> <span class='ocrx_word' id='word_1_46' title='bbox 1382 843 1413 898; x_wconf 92' lang='lat' dir='ltr'><strong><em>et</em></strong></span> 
     </span>
     <span class='ocr_line' id='line_1_6' title="bbox 296 915 1412 1004; baseline 0 -22"><span class='ocrx_word' id='word_1_47' title='bbox 296 918 435 982; x_wconf 91' lang='lat' dir='ltr'><strong><em>secundo</em></strong></span> <span class='ocrx_word' id='word_1_48' title='bbox 445 917 641 1002; x_wconf 82' lang='lat' dir='ltr'><strong><em>praesertim</em></strong></span> <span class='ocrx_word' id='word_1_49' title='bbox 655 915 748 997; x_wconf 83' lang='lat' dir='ltr'><strong><em>libro,</em></strong></span> <span class='ocrx_word' id='word_1_50' title='bbox 763 939 835 980; x_wconf 91' lang='lat' dir='ltr'><strong><em>cum</em></strong></span> <span class='ocrx_word' id='word_1_51' title='bbox 844 938 960 1001; x_wconf 92' lang='lat' dir='ltr'><strong><em>pauca</em></strong></span> <span class='ocrx_word' id='word_1_52' title='bbox 975 915 1120 981; x_wconf 90' lang='lat' dir='ltr'><strong><em>derebus</em></strong></span> <span class='ocrx_word' id='word_1_53' title='bbox 1133 919 1232 1004; x_wconf 73' lang='lat' dir='ltr'><strong><em>pestis</em></strong></span> <span class='ocrx_word' id='word_1_54' title='bbox 1246 918 1412 982; x_wconf 90' lang='lat' dir='ltr'><strong><em>tradenda</em></strong></span> 
     </span>
     <span class='ocr_line' id='line_1_7' title="bbox 296 999 1412 1088; baseline 0.001 -23"><span class='ocrx_word' id='word_1_55' title='bbox 296 1012 409 1082; x_wconf 84' lang='lat' dir='ltr'><strong><em>essent,</em></strong></span> <span class='ocrx_word' id='word_1_56' title='bbox 431 1003 468 1064; x_wconf 90' lang='lat' dir='ltr'><strong><em>in</em></strong></span> <span class='ocrx_word' id='word_1_57' title='bbox 484 1002 536 1065; x_wconf 84' lang='lat' dir='ltr'><strong><em>bis</em></strong></span> <span class='ocrx_word' id='word_1_58' title='bbox 551 1009 710 1064; x_wconf 85' lang='lat' dir='ltr'><strong><em>uersatur.</em></strong></span> <span class='ocrx_word' id='word_1_59' title='bbox 746 999 879 1064; x_wconf 83' lang='lat' dir='ltr'><strong><em>Italiam</em></strong></span> <span class='ocrx_word' id='word_1_60' title='bbox 893 1003 1027 1085; x_wconf 90' lang='lat' dir='ltr'><strong><em>saepius</em></strong></span> <span class='ocrx_word' id='word_1_61' title='bbox 1069 1011 1244 1088; x_wconf 77' lang='lat' dir='ltr'><strong><em>eruaqatus</em></strong></span> <span class='ocrx_word' id='word_1_62' title='bbox 1260 1041 1299 1052; x_wconf 89' lang='lat'><em>-</em></span> <span class='ocrx_word' id='word_1_63' title='bbox 1339 1025 1412 1067; x_wconf 88' lang='lat' dir='ltr'><strong><em>rne-</em></strong></span> 
     </span>
     <span class='ocr_line' id='line_1_8' title="bbox 295 1084 1413 1170; baseline 0.002 -23"><span class='ocrx_word' id='word_1_64' title='bbox 295 1095 344 1150; x_wconf 86' lang='lat' dir='ltr'><strong><em>ter</em></strong></span> <span class='ocrx_word' id='word_1_65' title='bbox 357 1085 509 1170; x_wconf 84' lang='lat' dir='ltr'><strong><em>Papiam,</em></strong></span> <span class='ocrx_word' id='word_1_66' title='bbox 525 1084 672 1165; x_wconf 85' lang='lat' dir='ltr'><strong><em>Romam,</em></strong></span> <span class='ocrx_word' id='word_1_67' title='bbox 687 1084 915 1165; x_wconf 87' lang='lat' dir='ltr'><strong><em>Beneuentum,</em></strong></span> <span class='ocrx_word' id='word_1_68' title='bbox 930 1090 1027 1148; x_wconf 91' lang='lat' dir='ltr'><strong><em>etiam</em></strong></span> <span class='ocrx_word' id='word_1_69' title='bbox 1080 1085 1240 1149; x_wconf 91' lang='lat' dir='ltr'><strong><em>odoetiam</em></strong></span> <span class='ocrx_word' id='word_1_70' title='bbox 1254 1095 1283 1150; x_wconf 90' lang='lat' dir='ltr'><strong><em>et</em></strong></span> <span class='ocrx_word' id='word_1_71' title='bbox 1329 1096 1413 1149; x_wconf 85' lang='lat' dir='ltr'><strong><em>stam</em></strong></span> 
     </span>
     <span class='ocr_line' id='line_1_9' title="bbox 296 1167 1412 1257; baseline 0 -25"><span class='ocrx_word' id='word_1_72' title='bbox 296 1192 366 1233; x_wconf 89' lang='lat' dir='ltr'><strong><em>eum</em></strong></span> <span class='ocrx_word' id='word_1_73' title='bbox 389 1169 528 1249; x_wconf 87' lang='lat' dir='ltr'><strong><em>uidisse,</em></strong></span> <span class='ocrx_word' id='word_1_74' title='bbox 558 1167 732 1232; x_wconf 85' lang='lat' dir='ltr'><strong><em>uerisimile</em></strong></span> <span class='ocrx_word' id='word_1_75' title='bbox 761 1177 806 1232; x_wconf 89' lang='lat' dir='ltr'><strong><em>est</em></strong></span> <span class='ocrx_word' id='word_1_76' title='bbox 833 1168 905 1257; x_wconf 89' lang='lat' dir='ltr'><strong><em>(IV,</em></strong></span> <span class='ocrx_word' id='word_1_77' title='bbox 927 1167 977 1232; x_wconf 90' lang='grc'><strong><em>22.</em></strong></span> <span class='ocrx_word' id='word_1_78' title='bbox 1005 1169 1037 1249; x_wconf 94' lang='lat' dir='ltr'><strong><em>V,</em></strong></span> <span class='ocrx_word' id='word_1_79' title='bbox 1059 1169 1097 1250; x_wconf 86' lang='lat'><strong><em>6)</em></strong></span> <span class='ocrx_word' id='word_1_80' title='bbox 1104 1192 1116 1250; x_wconf 92' lang='lat'><strong><em>,·</em></strong></span> <span class='ocrx_word' id='word_1_81' title='bbox 1144 1169 1282 1234; x_wconf 89' lang='lat' dir='ltr'><strong><em>Larium</em></strong></span> <span class='ocrx_word' id='word_1_82' title='bbox 1304 1169 1412 1234; x_wconf 86' lang='lat' dir='ltr'><strong><em>lacum</em></strong></span> 
     </span>
     <span class='ocr_line' id='line_1_10' title="bbox 296 1251 1501 1337; baseline -0.001 -20"><span class='ocrx_word' id='word_1_83' title='bbox 296 1255 440 1318; x_wconf 89' lang='lat' dir='ltr'><strong><em>carmine</em></strong></span> <span class='ocrx_word' id='word_1_84' title='bbox 467 1252 656 1317; x_wconf 83' lang='lat' dir='ltr'><strong><em>celebrauit¹</em></strong></span> <span class='ocrx_word' id='word_1_85' title='bbox 679 1253 782 1316; x_wconf 84' lang='lat' dir='ltr'><strong><em>-de</em></strong></span> <span class='ocrx_word' id='word_1_86' title='bbox 809 1251 951 1316; x_wconf 83' lang='lat' dir='ltr'><strong><em>ecclesiis</em></strong></span> <span class='ocrx_word' id='word_1_87' title='bbox 981 1253 1119 1337; x_wconf 85' lang='lat' dir='ltr'><strong><em>aliisque</em></strong></span> <span class='ocrx_word' id='word_1_88' title='bbox 1148 1252 1310 1335; x_wconf 83' lang='lat' dir='ltr'><strong><em>aedificiis</em></strong></span> <span class='ocrx_word' id='word_1_89' title='bbox 1337 1276 1399 1318; x_wconf 91' lang='lat' dir='ltr'><strong><em>con</em></strong></span> <span class='ocrx_word' id='word_1_90' title='bbox 1500 1271 1501 1324; x_wconf 69' lang='grc' dir='ltr'>ζ</span> 
     </span>
     <span class='ocr_line' id='line_1_11' title="bbox 294 1335 1411 1421; baseline -0.002 -20"><span class='ocrx_word' id='word_1_91' title='bbox 294 1341 428 1402; x_wconf 87' lang='lat' dir='ltr'><strong><em>structis</em></strong></span> <span class='ocrx_word' id='word_1_92' title='bbox 458 1337 593 1401; x_wconf 88' lang='lat' dir='ltr'><strong><em>notitias</em></strong></span> <span class='ocrx_word' id='word_1_93' title='bbox 622 1335 748 1421; x_wconf 79' lang='lat' dir='ltr'><strong><em>colleqit</em></strong></span> <span class='ocrx_word' id='word_1_94' title='bbox 772 1337 811 1419; x_wconf 90' lang='lat' dir='ltr'><strong><em>(I</em></strong></span> <span class='ocrx_word' id='word_1_95' title='bbox 816 1336 848 1418; x_wconf 91' lang='lat' dir='ltr'><strong><em>V,</em></strong></span> <span class='ocrx_word' id='word_1_96' title='bbox 863 1336 914 1400; x_wconf 84' lang='lat'><strong><em>48.</em></strong></span> <span class='ocrx_word' id='word_1_97' title='bbox 945 1335 1050 1417; x_wconf 84' lang='lat' dir='ltr'><strong><em>V,34.</em></strong></span> <span class='ocrx_word' id='word_1_98' title='bbox 1072 1335 1123 1400; x_wconf 85' lang='lat'><strong><em>36.</em></strong></span> <span class='ocrx_word' id='word_1_99' title='bbox 1151 1336 1200 1418; x_wconf 90' lang='lat' dir='ltr'><strong><em>VI,</em></strong></span> <span class='ocrx_word' id='word_1_100' title='bbox 1225 1337 1252 1400; x_wconf 93' lang='lat'><strong><em>1.</em></strong></span> <span class='ocrx_word' id='word_1_101' title='bbox 1277 1337 1325 1400; x_wconf 80' lang='lat'><strong><em>17.</em></strong></span> <span class='ocrx_word' id='word_1_102' title='bbox 1340 1337 1411 1418; x_wconf 83' lang='lat'><strong><em>58).</em></strong></span> 
     </span>
     <span class='ocr_line' id='line_1_12' title="bbox 295 1419 1412 1507; baseline -0.002 -21"><span class='ocrx_word' id='word_1_103' title='bbox 295 1419 523 1486; x_wconf 78' lang='lat' dir='ltr'><strong><em>Nihilominus</em></strong></span> <span class='ocrx_word' id='word_1_104' title='bbox 550 1442 624 1484; x_wconf 87' lang='lat' dir='ltr'><strong><em>uero</em></strong></span> <span class='ocrx_word' id='word_1_105' title='bbox 654 1420 756 1483; x_wconf 78' lang='lat' dir='ltr'><strong><em>muita</em></strong></span> <span class='ocrx_word' id='word_1_106' title='bbox 777 1429 806 1482; x_wconf 92' lang='lat' dir='ltr'><strong><em>et</em></strong></span> <span class='ocrx_word' id='word_1_107' title='bbox 850 1422 948 1484; x_wconf 86' lang='lat' dir='ltr'><strong><em>rania</em></strong></span> <span class='ocrx_word' id='word_1_108' title='bbox 975 1423 1046 1506; x_wconf 80' lang='lat' dir='ltr'><strong><em>ejus</em></strong></span> <span class='ocrx_word' id='word_1_109' title='bbox 1073 1422 1223 1485; x_wconf 89' lang='lat' dir='ltr'><strong><em>notitiam</em></strong></span> <span class='ocrx_word' id='word_1_110' title='bbox 1249 1420 1412 1507; x_wconf 78' lang='lat' dir='ltr'><strong><em>effuqisse,</em></strong></span> 
     </span>
     <span class='ocr_line' id='line_1_13' title="bbox 295 1443 1413 1590; baseline -0.001 -20"><span class='ocrx_word' id='word_1_111' title='bbox 295 1509 491 1589; x_wconf 80' lang='lat' dir='ltr'><strong><em>scriptoram</em></strong></span> <span class='ocrx_word' id='word_1_112' title='bbox 515 1504 776 1590; x_wconf 77' lang='lat' dir='ltr'><strong><em>Byzantinorum</em></strong></span> <span class='ocrx_word' id='word_1_113' title='bbox 808 1443 1009 1590; x_wconf 67' lang='lat' dir='ltr'><strong><em>odiorumque</em></strong></span> <span class='ocrx_word' id='word_1_114' title='bbox 1031 1513 1306 1569; x_wconf 89' lang='lat' dir='ltr'><strong><em>monumentorum</em></strong></span> <span class='ocrx_word' id='word_1_115' title='bbox 1328 1528 1413 1590; x_wconf 89' lang='lat' dir='ltr'><strong><em>quae</em></strong></span> 
     </span>
     <span class='ocr_line' id='line_1_14' title="bbox 296 1589 770 1672; baseline -0.011 -18"><span class='ocrx_word' id='word_1_116' title='bbox 296 1599 425 1654; x_wconf 84' lang='lat' dir='ltr'><strong><em>coustant</em></strong></span> <span class='ocrx_word' id='word_1_117' title='bbox 446 1590 649 1672; x_wconf 90' lang='lat' dir='ltr'><strong><em>comparatio</em></strong></span> <span class='ocrx_word' id='word_1_118' title='bbox 672 1589 770 1652; x_wconf 88' lang='lat' dir='ltr'><strong><em>docet.</em></strong></span> 
     </span>
    </p>

    <p class='ocr_par' dir='ltr' id='par_1_3' title="bbox 294 1671 1413 2177">
     <span class='ocr_line' id='line_1_15' title="bbox 380 1671 1411 1758; baseline 0 -22"><span class='ocrx_word' id='word_1_119' title='bbox 380 1673 489 1737; x_wconf 89' lang='lat' dir='ltr'><strong><em>Libris</em></strong></span> <span class='ocrx_word' id='word_1_120' title='bbox 503 1673 636 1756; x_wconf 88' lang='lat' dir='ltr'><strong><em>scriptis</em></strong></span> <span class='ocrx_word' id='word_1_121' title='bbox 650 1671 776 1735; x_wconf 79' lang='lat' dir='ltr'><strong><em>Paulus</em></strong></span> <span class='ocrx_word' id='word_1_122' title='bbox 790 1673 840 1735; x_wconf 92' lang='lat' dir='ltr'><strong><em>ita</em></strong></span> <span class='ocrx_word' id='word_1_123' title='bbox 854 1694 935 1735; x_wconf 90' lang='lat' dir='ltr'><strong><em>usus</em></strong></span> <span class='ocrx_word' id='word_1_124' title='bbox 957 1682 1012 1752; x_wconf 88' lang='lat' dir='ltr'><strong><em>est,</em></strong></span> <span class='ocrx_word' id='word_1_125' title='bbox 1035 1681 1072 1735; x_wconf 89' lang='lat' dir='ltr'><strong><em>ut</em></strong></span> <span class='ocrx_word' id='word_1_126' title='bbox 1086 1695 1153 1737; x_wconf 89' lang='lat' dir='ltr'><strong><em>non</em></strong></span> <span class='ocrx_word' id='word_1_127' title='bbox 1168 1695 1246 1737; x_wconf 90' lang='lat' dir='ltr'><strong><em>raro</em></strong></span> <span class='ocrx_word' id='word_1_128' title='bbox 1260 1676 1411 1758; x_wconf 80' lang='lat' dir='ltr'><strong><em>ipsoram</em></strong></span> 
     </span>
     <span class='ocr_line' id='line_1_16' title="bbox 295 1755 1413 1842; baseline -0.002 -21"><span class='ocrx_word' id='word_1_129' title='bbox 295 1757 392 1822; x_wconf 87' lang='lat' dir='ltr'><strong><em>uerba</em></strong></span> <span class='ocrx_word' id='word_1_130' title='bbox 413 1758 572 1837; x_wconf 88' lang='lat' dir='ltr'><strong><em>retineret,</em></strong></span> <span class='ocrx_word' id='word_1_131' title='bbox 595 1755 632 1819; x_wconf 90' lang='lat' dir='ltr'><strong><em>id</em></strong></span> <span class='ocrx_word' id='word_1_132' title='bbox 654 1755 740 1842; x_wconf 91' lang='lat' dir='ltr'><strong><em>quod</em></strong></span> <span class='ocrx_word' id='word_1_133' title='bbox 756 1757 953 1840; x_wconf 86' lang='lat' dir='ltr'><strong><em>praesertim</em></strong></span> <span class='ocrx_word' id='word_1_134' title='bbox 981 1759 1018 1820; x_wconf 91' lang='lat' dir='ltr'><strong><em>in</em></strong></span> <span class='ocrx_word' id='word_1_135' title='bbox 1039 1756 1120 1820; x_wconf 82' lang='lat' dir='ltr'><strong><em>locis</em></strong></span> <span class='ocrx_word' id='word_1_136' title='bbox 1141 1779 1180 1820; x_wconf 87' lang='lat' dir='ltr'><strong><em>ea</em></strong></span> <span class='ocrx_word' id='word_1_137' title='bbox 1204 1756 1360 1842; x_wconf 81' lang='lat' dir='ltr'><strong><em>Greqorio</em></strong></span> <span class='ocrx_word' id='word_1_138' title='bbox 1383 1766 1413 1820; x_wconf 88' lang='lat' dir='ltr'><strong><em>et</em></strong></span> 
     </span>
     <span class='ocr_line' id='line_1_17' title="bbox 295 1838 1410 1926; baseline 0 -21"><span class='ocrx_word' id='word_1_139' title='bbox 295 1842 391 1906; x_wconf 90' lang='lat' dir='ltr'><strong><em>Beda</em></strong></span> <span class='ocrx_word' id='word_1_140' title='bbox 406 1839 657 1924; x_wconf 86' lang='lat' dir='ltr'><strong><em>sumtisfactum</em></strong></span> <span class='ocrx_word' id='word_1_141' title='bbox 672 1839 826 1919; x_wconf 88' lang='lat' dir='ltr'><strong><em>uidemus,</em></strong></span> <span class='ocrx_word' id='word_1_142' title='bbox 850 1838 931 1904; x_wconf 84' lang='lat' dir='ltr'><strong><em>aiibi</em></strong></span> <span class='ocrx_word' id='word_1_143' title='bbox 944 1861 1019 1904; x_wconf 87' lang='lat' dir='ltr'><strong><em>uero</em></strong></span> <span class='ocrx_word' id='word_1_144' title='bbox 1034 1863 1074 1904; x_wconf 91' lang='lat' dir='ltr'><strong><em>ea</em></strong></span> <span class='ocrx_word' id='word_1_145' title='bbox 1083 1840 1188 1923; x_wconf 82' lang='lat' dir='ltr'><strong><em>panio</em></strong></span> <span class='ocrx_word' id='word_1_146' title='bbox 1204 1841 1321 1926; x_wconf 87' lang='lat' dir='ltr'><strong><em>plusve</em></strong></span> <span class='ocrx_word' id='word_1_147' title='bbox 1340 1863 1410 1904; x_wconf 89' lang='lat' dir='ltr'><strong><em>mn·</em></strong></span> 
     </span>
     <span class='ocr_line' id='line_1_18' title="bbox 294 1923 1411 2010; baseline 0 -22"><span class='ocrx_word' id='word_1_148' title='bbox 294 1935 386 2006; x_wconf 89' lang='lat' dir='ltr'><strong><em>taret,</em></strong></span> <span class='ocrx_word' id='word_1_149' title='bbox 409 1933 550 2010; x_wconf 79' lang='lat' dir='ltr'><strong><em>auqeret.</em></strong></span> <span class='ocrx_word' id='word_1_150' title='bbox 592 1923 741 1988; x_wconf 80' lang='lat' dir='ltr'><strong><em>Eandem</em></strong></span> <span class='ocrx_word' id='word_1_151' title='bbox 762 1945 828 2007; x_wconf 91' lang='lat' dir='ltr'><strong><em>qua</em></strong></span> <span class='ocrx_word' id='word_1_152' title='bbox 848 1925 884 1986; x_wconf 89' lang='lat' dir='ltr'><strong><em>in</em></strong></span> <span class='ocrx_word' id='word_1_153' title='bbox 904 1923 1043 1990; x_wconf 76' lang='lat' dir='ltr'><strong><em>historia</em></strong></span> <span class='ocrx_word' id='word_1_154' title='bbox 1056 1924 1210 1988; x_wconf 83' lang='lat' dir='ltr'><strong><em>Romana</em></strong></span> <span class='ocrx_word' id='word_1_155' title='bbox 1233 1948 1285 1990; x_wconf 90' lang='lat' dir='ltr'><strong><em>res</em></strong></span> <span class='ocrx_word' id='word_1_156' title='bbox 1307 1925 1411 1989; x_wconf 88' lang='lat' dir='ltr'><strong><em>diuer-</em></strong></span> 
     </span>
     <span class='ocr_line' id='line_1_19' title="bbox 296 2006 1411 2094; baseline -0.001 -21"><span class='ocrx_word' id='word_1_157' title='bbox 296 2032 351 2073; x_wconf 92' lang='lat' dir='ltr'><strong><em>sas</em></strong></span> <span class='ocrx_word' id='word_1_158' title='bbox 374 2011 461 2072; x_wconf 88' lang='lat' dir='ltr'><strong><em>inter</em></strong></span> <span class='ocrx_word' id='word_1_159' title='bbox 482 2031 514 2072; x_wconf 90' lang='lat' dir='ltr'><strong><em>se</em></strong></span> <span class='ocrx_word' id='word_1_160' title='bbox 536 2009 728 2072; x_wconf 84' lang='lat' dir='ltr'><strong><em>con‘nnctas</em></strong></span> <span class='ocrx_word' id='word_1_161' title='bbox 748 2007 894 2070; x_wconf 88' lang='lat' dir='ltr'><strong><em>uidemus</em></strong></span> <span class='ocrx_word' id='word_1_162' title='bbox 913 2006 1092 2072; x_wconf 81' lang='lat' dir='ltr'><strong><em>leuitatem¹</em></strong></span> <span class='ocrx_word' id='word_1_163' title='bbox 1119 2009 1171 2072; x_wconf 84' lang='lat' dir='ltr'><strong><em>bic</em></strong></span> <span class='ocrx_word' id='word_1_164' title='bbox 1199 2008 1411 2094; x_wconf 75' lang='lat' dir='ltr'><strong><em>deprehendi·</em></strong></span> 
     </span>
     <span class='ocr_line' id='line_1_20' title="bbox 294 2030 1410 2177; baseline 0 -21"><span class='ocrx_word' id='word_1_165' title='bbox 294 2116 366 2158; x_wconf 89' lang='lat' dir='ltr'><strong><em>mus</em></strong></span> <span class='ocrx_word' id='word_1_166' title='bbox 376 2102 398 2156; x_wconf 86' lang='lat'><strong><em>³.</em></strong></span> <span class='ocrx_word' id='word_1_167' title='bbox 430 2091 543 2176; x_wconf 80' lang='lat' dir='ltr'><strong><em>Neque</em></strong></span> <span class='ocrx_word' id='word_1_168' title='bbox 564 2030 608 2156; x_wconf 75' lang='lat' dir='ltr'><strong><em>ii</em></strong></span> <span class='ocrx_word' id='word_1_169' title='bbox 623 2093 719 2173; x_wconf 90' lang='lat' dir='ltr'><strong><em>cauit,</em></strong></span> <span class='ocrx_word' id='word_1_170' title='bbox 741 2114 781 2155; x_wconf 93' lang='lat' dir='ltr'><strong><em>ne</em></strong></span> <span class='ocrx_word' id='word_1_171' title='bbox 802 2090 886 2154; x_wconf 79' lang='lat' dir='ltr'><strong><em>tabia</em></strong></span> <span class='ocrx_word' id='word_1_172' title='bbox 909 2091 1064 2177; x_wconf 84' lang='lat' dir='ltr'><strong><em>adjiceret</em></strong></span> <span class='ocrx_word' id='word_1_173' title='bbox 1082 2114 1164 2177; x_wconf 89' lang='lat' dir='ltr'><strong><em>quae</em></strong></span> <span class='ocrx_word' id='word_1_174' title='bbox 1179 2092 1228 2156; x_wconf 82' lang='lat' dir='ltr'><strong><em>uel</em></strong></span> <span class='ocrx_word' id='word_1_175' title='bbox 1242 2093 1410 2157; x_wconf 86' lang='lat' dir='ltr'><strong><em>uerborum</em></strong></span> 
     </span>
    </p>
   </div>
   <div class='ocr_carea' id='block_1_3' title="bbox 294 2175 1410 2490">
    <p class='ocr_par' dir='ltr' id='par_1_4' title="bbox 295 2175 1410 2262">
     <span class='ocr_line' id='line_1_21' title="bbox 295 2175 1410 2262; baseline -0.004 -20"><span class='ocrx_word' id='word_1_176' title='bbox 295 2200 426 2242; x_wconf 88' lang='lat' dir='ltr'><strong><em>sensum</em></strong></span> <span class='ocrx_word' id='word_1_177' title='bbox 458 2176 627 2240; x_wconf 89' lang='lat' dir='ltr'><strong><em>turbarent</em></strong></span> <span class='ocrx_word' id='word_1_178' title='bbox 658 2175 706 2239; x_wconf 85' lang='lat' dir='ltr'><strong><em>vel</em></strong></span> <span class='ocrx_word' id='word_1_179' title='bbox 737 2196 789 2238; x_wconf 89' lang='lat' dir='ltr'><strong><em>res</em></strong></span> <span class='ocrx_word' id='word_1_180' title='bbox 821 2175 916 2239; x_wconf 84' lang='lat' dir='ltr'><strong><em>aliter</em></strong></span> <span class='ocrx_word' id='word_1_181' title='bbox 947 2177 1166 2260; x_wconf 87' lang='lat' dir='ltr'><strong><em>disponerent.</em></strong></span> <span class='ocrx_word' id='word_1_182' title='bbox 1219 2178 1410 2262; x_wconf 86' lang='lat' dir='ltr'><strong><em>Temporum</em></strong></span> 
     </span>
    </p>

    <p class='ocr_par' dir='ltr' id='par_1_5' title="bbox 296 2257 1409 2346">
     <span class='ocr_line' id='line_1_22' title="bbox 296 2257 1409 2346; baseline -0.002 -20"><span class='ocrx_word' id='word_1_183' title='bbox 296 2262 443 2326; x_wconf 79' lang='lat' dir='ltr'><strong><em>ordinem</em></strong></span> <span class='ocrx_word' id='word_1_184' title='bbox 462 2282 587 2345; x_wconf 89' lang='lat' dir='ltr'><strong><em>parum</em></strong></span> <span class='ocrx_word' id='word_1_185' title='bbox 607 2269 711 2323; x_wconf 91' lang='lat' dir='ltr'><strong><em>curat.</em></strong></span> <span class='ocrx_word' id='word_1_186' title='bbox 757 2257 849 2332; x_wconf 84' lang='lat' dir='ltr'><strong><em>Quae</em></strong></span> <span class='ocrx_word' id='word_1_187' title='bbox 869 2261 975 2346; x_wconf 77' lang='lat' dir='ltr'><strong><em>qentis</em></strong></span> <span class='ocrx_word' id='word_1_188' title='bbox 997 2283 1077 2324; x_wconf 89' lang='lat' dir='ltr'><strong><em>suae</em></strong></span> <span class='ocrx_word' id='word_1_189' title='bbox 1097 2259 1223 2345; x_wconf 76' lang='lat' dir='ltr'><strong><em>ploriae</em></strong></span> <span class='ocrx_word' id='word_1_190' title='bbox 1237 2263 1336 2325; x_wconf 85' lang='lat' dir='ltr'><strong><em>nirnis</em></strong></span> <span class='ocrx_word' id='word_1_191' title='bbox 1353 2261 1409 2324; x_wconf 92' lang='lat' dir='ltr'><strong><em>ad-</em></strong></span> 
     </span>
    </p>

    <p class='ocr_par' dir='ltr' id='par_1_6' title="bbox 294 2341 1410 2490">
     <span class='ocr_line' id='line_1_23' title="bbox 294 2341 1410 2490; baseline -0.002 -80"><span class='ocrx_word' id='word_1_192' title='bbox 294 2348 422 2410; x_wconf 89' lang='lat' dir='ltr'><strong><em>uersari</em></strong></span> <span class='ocrx_word' id='word_1_193' title='bbox 443 2344 638 2408; x_wconf 80' lang='lat' dir='ltr'><strong><em>uidebantur</em></strong></span> <span class='ocrx_word' id='word_1_194' title='bbox 660 2341 787 2406; x_wconf 84' lang='lat' dir='ltr'><strong><em>silentio</em></strong></span> <span class='ocrx_word' id='word_1_195' title='bbox 810 2345 997 2490; x_wconf 52' lang='lat' dir='ltr'><strong><em>praeterita</em></strong></span> <span class='ocrx_word' id='word_1_196' title='bbox 1040 2344 1205 2408; x_wconf 84' lang='lat' dir='ltr'><strong><em>Ecclesiae</em></strong></span> <span class='ocrx_word' id='word_1_197' title='bbox 1234 2345 1410 2408; x_wconf 76' lang='lat' dir='ltr'><strong><em>catholicae</em></strong></span> 
     </span>
     <span class='ocr_line' id='line_1_24' title="bbox 801 2449 816 2489; baseline 0 0"><span class='ocrx_word' id='word_1_198' title='bbox 801 2449 816 2489; x_wconf 93' lang='grc'><strong><em>6</em></strong></span> 
     </span>
    </p>
   </div>
   <div class='ocr_carea' id='block_1_4' title="bbox 201 2426 1500 3266">
    <p class='ocr_par' dir='ltr' id='par_1_7' title="bbox 296 2426 1410 2514">
     <span class='ocr_line' id='line_1_25' title="bbox 296 2426 1410 2514; baseline -0.001 -21"><span class='ocrx_word' id='word_1_199' title='bbox 296 2431 448 2495; x_wconf 88' lang='lat' dir='ltr'><strong><em>addictus</em></strong></span> <span class='ocrx_word' id='word_1_200' title='bbox 475 2427 727 2492; x_wconf 71' lang='lat' dir='ltr'><strong><em>slbeodelindam</em></strong></span> <span class='ocrx_word' id='word_1_201' title='bbox 754 2426 800 2490; x_wconf 88' lang='lat' dir='ltr'><strong><em>cel</em></strong></span> <span class='ocrx_word' id='word_1_202' title='bbox 837 2436 900 2508; x_wconf 87' lang='lat' dir='ltr'><strong><em>rut,</em></strong></span> <span class='ocrx_word' id='word_1_203' title='bbox 927 2430 1022 2513; x_wconf 86' lang='lat' dir='ltr'><strong><em>cujus</em></strong></span> <span class='ocrx_word' id='word_1_204' title='bbox 1051 2429 1174 2492; x_wconf 88' lang='lat' dir='ltr'><strong><em>meritis</em></strong></span> <span class='ocrx_word' id='word_1_205' title='bbox 1195 2428 1410 2514; x_wconf 83' lang='lat' dir='ltr'><strong><em>Lanqobardi</em></strong></span> 
     </span>
    </p>

    <p class='ocr_par' dir='ltr' id='par_1_8' title="bbox 295 2511 1410 2592">
     <span class='ocr_line' id='line_1_26' title="bbox 295 2511 1410 2592; baseline -0.003 -15"><span class='ocrx_word' id='word_1_206' title='bbox 295 2521 327 2577; x_wconf 83' lang='lat' dir='ltr'><strong><em>‘a</em></strong></span> <span class='ocrx_word' id='word_1_207' title='bbox 380 2514 547 2576; x_wconf 87' lang='lat' dir='ltr'><strong><em>entilitatis</em></strong></span> <span class='ocrx_word' id='word_1_208' title='bbox 577 2513 694 2575; x_wconf 90' lang='lat' dir='ltr'><strong><em>errore&#39;</em></strong></span> <span class='ocrx_word' id='word_1_209' title='bbox 727 2513 772 2574; x_wconf 92' lang='lat' dir='ltr'><strong><em>ad</em></strong></span> <span class='ocrx_word' id='word_1_210' title='bbox 803 2511 997 2576; x_wconf 80' lang='lat' dir='ltr'><strong><em>catholicam</em></strong></span> <span class='ocrx_word' id='word_1_211' title='bbox 1021 2511 1123 2592; x_wconf 88' lang='lat' dir='ltr'><strong><em>fidem</em></strong></span> <span class='ocrx_word' id='word_1_212' title='bbox 1155 2522 1232 2576; x_wconf 90' lang='lat' dir='ltr'><strong><em>sunt</em></strong></span> <span class='ocrx_word' id='word_1_213' title='bbox 1263 2513 1410 2577; x_wconf 88' lang='lat' dir='ltr'><strong><em>conversi</em></strong></span> 
     </span>
    </p>

    <p class='ocr_par' dir='ltr' id='par_1_9' title="bbox 296 2595 1409 2684">
     <span class='ocr_line' id='line_1_27' title="bbox 296 2595 1409 2684; baseline -0.001 -24"><span class='ocrx_word' id='word_1_214' title='bbox 296 2599 337 2681; x_wconf 92' lang='lat' dir='ltr'><strong><em>(I</em></strong></span> <span class='ocrx_word' id='word_1_215' title='bbox 364 2597 442 2678; x_wconf 86' lang='lat'><strong><em>,6),</em></strong></span> <span class='ocrx_word' id='word_1_216' title='bbox 464 2619 530 2659; x_wconf 90' lang='lat' dir='ltr'><strong><em>non</em></strong></span> <span class='ocrx_word' id='word_1_217' title='bbox 552 2605 659 2659; x_wconf 88' lang='lat' dir='ltr'><strong><em>tamen</em></strong></span> <span class='ocrx_word' id='word_1_218' title='bbox 682 2595 830 2658; x_wconf 88' lang='lat' dir='ltr'><strong><em>acerbius</em></strong></span> <span class='ocrx_word' id='word_1_219' title='bbox 853 2597 1054 2679; x_wconf 79' lang='lat' dir='ltr'><strong><em>antiquiores</em></strong></span> <span class='ocrx_word' id='word_1_220' title='bbox 1079 2599 1220 2683; x_wconf 78' lang='lat' dir='ltr'><strong><em>castipat</em></strong></span> <span class='ocrx_word' id='word_1_221' title='bbox 1239 2619 1330 2684; x_wconf 78' lang='lat' dir='ltr'><strong><em>repes</em></strong></span> <span class='ocrx_word' id='word_1_222' title='bbox 1373 2597 1409 2659; x_wconf 89' lang='lat' dir='ltr'><strong><em>ni</em></strong></span> 
     </span>
    </p>

    <p class='ocr_par' dir='ltr' id='par_1_10' title="bbox 286 2621 1500 2766">
     <span class='ocr_line' id='line_1_28' title="bbox 286 2621 1500 2766; baseline -0.002 -22"><span class='ocrx_word' id='word_1_223' title='bbox 286 2681 389 2764; x_wconf 76' lang='lat' dir='ltr'><strong><em>fldem</em></strong></span> <span class='ocrx_word' id='word_1_224' title='bbox 412 2679 653 2764; x_wconf 85' lang='lat' dir='ltr'><strong><em>profitebantur</em></strong></span> <span class='ocrx_word' id='word_1_225' title='bbox 679 2678 854 2743; x_wconf 83' lang='lat' dir='ltr'><strong><em>Arianam.</em></strong></span> <span class='ocrx_word' id='word_1_226' title='bbox 897 2680 1081 2744; x_wconf 83' lang='lat' dir='ltr'><strong><em>Rarissime</em></strong></span> <span class='ocrx_word' id='word_1_227' title='bbox 1096 2681 1265 2766; x_wconf 82' lang='lat' dir='ltr'><strong><em>judicium</em></strong></span> <span class='ocrx_word' id='word_1_228' title='bbox 1284 2621 1407 2764; x_wconf 58' lang='lat' dir='ltr'><strong><em>prodii·</em></strong></span> <span class='ocrx_word' id='word_1_229' title='bbox 1499 2751 1500 2754; x_wconf 8' lang='grc' dir='ltr'><strong>Ἴ</strong></span> 
     </span>
    </p>

    <p class='ocr_par' dir='ltr' id='par_1_11' title="bbox 295 2759 1500 2932">
     <span class='ocr_line' id='line_1_29' title="bbox 296 2759 1500 2850; baseline -0.001 -22"><span class='ocrx_word' id='word_1_230' title='bbox 296 2787 398 2850; x_wconf 85' lang='lat' dir='ltr'><strong><em>aequo</em></strong></span> <span class='ocrx_word' id='word_1_231' title='bbox 428 2765 538 2827; x_wconf 91' lang='lat' dir='ltr'><strong><em>animo</em></strong></span> <span class='ocrx_word' id='word_1_232' title='bbox 567 2784 619 2826; x_wconf 91' lang='lat' dir='ltr'><strong><em>res</em></strong></span> <span class='ocrx_word' id='word_1_233' title='bbox 648 2785 670 2825; x_wconf 91' lang='lat' dir='ltr'><strong><em>a</em></strong></span> <span class='ocrx_word' id='word_1_234' title='bbox 696 2786 728 2826; x_wconf 88' lang='lat' dir='ltr'><strong><em>sc</em></strong></span> <span class='ocrx_word' id='word_1_235' title='bbox 755 2773 893 2827; x_wconf 88' lang='lat' dir='ltr'><strong><em>remotas</em></strong></span> <span class='ocrx_word' id='word_1_236' title='bbox 910 2765 1139 2848; x_wconf 76' lang='lat' dir='ltr'><strong><em>perstrinqit⁵.</em></strong></span> <span class='ocrx_word' id='word_1_237' title='bbox 1169 2765 1292 2827; x_wconf 84' lang='lat' dir='ltr'><strong><em>Nimis</em></strong></span> <span class='ocrx_word' id='word_1_238' title='bbox 1304 2764 1407 2847; x_wconf 91' lang='lat' dir='ltr'><strong><em>fabu-</em></strong></span> <span class='ocrx_word' id='word_1_239' title='bbox 1499 2759 1500 2794; x_wconf 60' lang='lat'><em>³</em></span> 
     </span>
     <span class='ocr_line' id='line_1_30' title="bbox 295 2841 1408 2932; baseline -0.001 -23"><span class='ocrx_word' id='word_1_240' title='bbox 295 2848 365 2912; x_wconf 85' lang='lat' dir='ltr'><strong><em>losa</em></strong></span> <span class='ocrx_word' id='word_1_241' title='bbox 391 2849 547 2932; x_wconf 66' lang='lat' dir='ltr'><strong><em>respons,</em></strong></span> <span class='ocrx_word' id='word_1_242' title='bbox 572 2845 716 2928; x_wconf 81' lang='lat' dir='ltr'><strong><em>fideliter</em></strong></span> <span class='ocrx_word' id='word_1_243' title='bbox 744 2869 819 2911; x_wconf 84' lang='lat' dir='ltr'><strong><em>uero</em></strong></span> <span class='ocrx_word' id='word_1_244' title='bbox 848 2867 928 2932; x_wconf 86' lang='lat' dir='ltr'><strong><em>quae</em></strong></span> <span class='ocrx_word' id='word_1_245' title='bbox 959 2869 998 2910; x_wconf 84' lang='lat' dir='ltr'><strong><em>ea</em></strong></span> <span class='ocrx_word' id='word_1_246' title='bbox 1021 2869 1075 2910; x_wconf 94' lang='lat' dir='ltr'><strong><em>ore</em></strong></span> <span class='ocrx_word' id='word_1_247' title='bbox 1098 2846 1263 2931; x_wconf 86' lang='lat' dir='ltr'><strong><em>populari</em></strong></span> <span class='ocrx_word' id='word_1_248' title='bbox 1284 2841 1408 2930; x_wconf 85' lang='lat' dir='ltr'><strong><em>accepit</em></strong></span> 
     </span>
    </p>

    <p class='ocr_par' dir='ltr' id='par_1_12' title="bbox 293 2931 1500 3002">
     <span class='ocr_line' id='line_1_31' title="bbox 293 2931 1500 3002; baseline -0.002 -8"><span class='ocrx_word' id='word_1_249' title='bbox 293 2932 477 2997; x_wconf 88' lang='lat' dir='ltr'><strong><em>reddidisse</em></strong></span> <span class='ocrx_word' id='word_1_250' title='bbox 498 2931 635 2995; x_wconf 86' lang='lat' dir='ltr'><strong><em>uidetur.</em></strong></span> <span class='ocrx_word' id='word_1_251' title='bbox 1499 2989 1500 3002; x_wconf 64' lang='grc'>,</span> 
     </span>
    </p>

    <p class='ocr_par' dir='ltr' id='par_1_13' title="bbox 201 3007 1500 3266">
     <span class='ocr_line' id='line_1_32' title="bbox 201 3007 1500 3098; baseline -0.005 -18"><span class='ocrx_word' id='word_1_252' title='bbox 201 3029 285 3080; x_wconf 66' lang='lat' dir='ltr'><strong><em>&#39;utu</em></strong></span> <span class='ocrx_word' id='word_1_253' title='bbox 379 3015 560 3078; x_wconf 82' lang='lat' dir='ltr'><strong><em>*Narratio</em></strong></span> <span class='ocrx_word' id='word_1_254' title='bbox 576 3015 627 3079; x_wconf 84' lang='lat' dir='ltr'><strong><em>bis</em></strong></span> <span class='ocrx_word' id='word_1_255' title='bbox 636 3013 996 3098; x_wconf 88' lang='lat' dir='ltr'><strong><em>praesertimpartibus</em></strong></span> <span class='ocrx_word' id='word_1_256' title='bbox 1010 3013 1156 3077; x_wconf 87' lang='lat' dir='ltr'><strong><em>uiuacior</em></strong></span> <span class='ocrx_word' id='word_1_257' title='bbox 1171 3035 1268 3098; x_wconf 89' lang='lat' dir='ltr'><strong><em>quam</em></strong></span> <span class='ocrx_word' id='word_1_258' title='bbox 1282 3014 1407 3097; x_wconf 87' lang='lat' dir='ltr'><strong><em>uerior,·</em></strong></span> <span class='ocrx_word' id='word_1_259' title='bbox 1499 3007 1500 3030; x_wconf 71' lang='lat'>³</span> 
     </span>
     <span class='ocr_line' id='line_1_33' title="bbox 294 3095 1406 3243; baseline -0.002 -80"><span class='ocrx_word' id='word_1_260' title='bbox 294 3121 540 3184; x_wconf 84' lang='lat' dir='ltr'><strong><em>nonnumquam</em></strong></span> <span class='ocrx_word' id='word_1_261' title='bbox 561 3100 743 3162; x_wconf 86' lang='lat' dir='ltr'><strong><em>carminum</em></strong></span> <span class='ocrx_word' id='word_1_262' title='bbox 765 3098 974 3243; x_wconf 53' lang='lat' dir='ltr'><strong><em>anqilquorum</em></strong></span> <span class='ocrx_word' id='word_1_263' title='bbox 996 3095 1133 3160; x_wconf 82' lang='lat' dir='ltr'><strong><em>relatum</em></strong></span> <span class='ocrx_word' id='word_1_264' title='bbox 1149 3098 1265 3161; x_wconf 90' lang='lat' dir='ltr'><strong><em>audire</em></strong></span> <span class='ocrx_word' id='word_1_265' title='bbox 1281 3097 1406 3161; x_wconf 89' lang='lat' dir='ltr'><strong><em>credas.</em></strong></span> 
     </span>
     <span class='ocr_line' id='line_1_34' title="bbox 386 3178 1407 3266; baseline 0 -19"><span class='ocrx_word' id='word_1_266' title='bbox 386 3184 507 3247; x_wconf 87' lang='lat' dir='ltr'><strong><em>Veteres</em></strong></span> <span class='ocrx_word' id='word_1_267' title='bbox 530 3192 676 3246; x_wconf 88' lang='lat' dir='ltr'><strong><em>auctores</em></strong></span> <span class='ocrx_word' id='word_1_268' title='bbox 694 3205 761 3246; x_wconf 89' lang='lat' dir='ltr'><strong><em>non</em></strong></span> <span class='ocrx_word' id='word_1_269' title='bbox 775 3205 807 3245; x_wconf 91' lang='lat' dir='ltr'><strong><em>m</em></strong></span> <span class='ocrx_word' id='word_1_270' title='bbox 842 3189 890 3243; x_wconf 89' lang='lat' dir='ltr'><strong><em>tos</em></strong></span> <span class='ocrx_word' id='word_1_271' title='bbox 905 3178 998 3264; x_wconf 85' lang='lat' dir='ltr'><strong><em>affert</em></strong></span> <span class='ocrx_word' id='word_1_272' title='bbox 1013 3202 1114 3265; x_wconf 87' lang='lat' dir='ltr'><strong><em>aeque</em></strong></span> <span class='ocrx_word' id='word_1_273' title='bbox 1128 3205 1284 3266; x_wconf 85' lang='lat' dir='ltr'><strong><em>moquam</em></strong></span> <span class='ocrx_word' id='word_1_274' title='bbox 1298 3205 1407 3247; x_wconf 88' lang='lat' dir='ltr'><strong><em>corum</em></strong></span> 
     </span>
    </p>
   </div>
   <div class='ocr_carea' id='block_1_5' title="bbox 177 3341 1406 4434">
    <p class='ocr_par' dir='ltr' id='par_1_14' title="bbox 293 3341 1405 3484">
     <span class='ocr_line' id='line_1_35' title="bbox 295 3341 1405 3412; baseline 0.001 -17"><span class='ocrx_word' id='word_1_275' title='bbox 295 3348 322 3410; x_wconf 91' lang='grc'><strong><em>1)</em></strong></span> <span class='ocrx_word' id='word_1_276' title='bbox 352 3345 382 3397; x_wconf 88' lang='grc' dir='ltr'><strong><em>Ζ.</em></strong></span> <span class='ocrx_word' id='word_1_277' title='bbox 402 3346 430 3412; x_wconf 88' lang='lat' dir='ltr'><strong><em>f.</em></strong></span> <span class='ocrx_word' id='word_1_278' title='bbox 459 3345 495 3396; x_wconf 89' lang='lat' dir='ltr'><strong><em>D.</em></strong></span> <span class='ocrx_word' id='word_1_279' title='bbox 524 3343 577 3396; x_wconf 83' lang='lat' dir='ltr'><strong><em>Au.</em></strong></span> <span class='ocrx_word' id='word_1_280' title='bbox 606 3344 673 3407; x_wconf 80' lang='lat' dir='ltr'><strong><em>XII,</em></strong></span> <span class='ocrx_word' id='word_1_281' title='bbox 691 3361 720 3409; x_wconf 90' lang='lat' dir='ltr'><strong><em>p.</em></strong></span> <span class='ocrx_word' id='word_1_282' title='bbox 734 3345 797 3395; x_wconf 84' lang='grc'><strong>461.</strong></span> <span class='ocrx_word' id='word_1_283' title='bbox 844 3342 952 3393; x_wconf 84' lang='lat' dir='ltr'><strong><em>Dabnio</em></strong></span> <span class='ocrx_word' id='word_1_284' title='bbox 982 3341 1106 3394; x_wconf 86' lang='lat' dir='ltr'><strong><em>assentiri</em></strong></span> <span class='ocrx_word' id='word_1_285' title='bbox 1123 3361 1231 3410; x_wconf 85' lang='lat' dir='ltr'><strong><em>nequeo,</em></strong></span> <span class='ocrx_word' id='word_1_286' title='bbox 1251 3345 1298 3410; x_wconf 86' lang='lat' dir='ltr'><strong><em>qui</em></strong></span> <span class='ocrx_word' id='word_1_287' title='bbox 1310 3362 1341 3410; x_wconf 90' lang='lat' dir='ltr'><strong><em>p.</em></strong></span> <span class='ocrx_word' id='word_1_288' title='bbox 1363 3346 1405 3397; x_wconf 90' lang='grc'><strong><em>66.</em></strong></span> 
     </span>
     <span class='ocr_line' id='line_1_36' title="bbox 293 3414 1405 3484; baseline -0.001 -14"><span class='ocrx_word' id='word_1_289' title='bbox 293 3421 340 3471; x_wconf 84' lang='grc'><strong><em>666</em></strong></span> <span class='ocrx_word' id='word_1_290' title='bbox 359 3435 464 3470; x_wconf 86' lang='lat' dir='ltr'><strong><em>carmen</em></strong></span> <span class='ocrx_word' id='word_1_291' title='bbox 482 3417 563 3470; x_wconf 83' lang='lat' dir='ltr'><strong><em>Pauli</em></strong></span> <span class='ocrx_word' id='word_1_292' title='bbox 591 3435 645 3469; x_wconf 89' lang='lat' dir='ltr'><strong><em>esse</em></strong></span> <span class='ocrx_word' id='word_1_293' title='bbox 664 3426 752 3484; x_wconf 84' lang='lat' dir='ltr'><strong><em>neqat.</em></strong></span> <span class='ocrx_word' id='word_1_294' title='bbox 828 3414 856 3480; x_wconf 87' lang='grc'><strong><em>2)</em></strong></span> <span class='ocrx_word' id='word_1_295' title='bbox 882 3416 911 3467; x_wconf 87' lang='lat' dir='ltr'><strong><em>V.</em></strong></span> <span class='ocrx_word' id='word_1_296' title='bbox 941 3433 1008 3481; x_wconf 81' lang='lat' dir='ltr'><strong><em>quae</em></strong></span> <span class='ocrx_word' id='word_1_297' title='bbox 1033 3416 1128 3468; x_wconf 73' lang='lat' dir='ltr'><strong><em>Baucis</em></strong></span> <span class='ocrx_word' id='word_1_298' title='bbox 1153 3418 1336 3470; x_wconf 85' lang='lat' dir='ltr'><strong><em>dissertatione</em></strong></span> <span class='ocrx_word' id='word_1_299' title='bbox 1355 3435 1405 3469; x_wconf 87' lang='lat' dir='ltr'><strong><em>suc</em></strong></span> 
     </span>
    </p>

    <p class='ocr_par' dir='ltr' id='par_1_15' title="bbox 177 3488 1406 4434">
     <span class='ocr_line' id='line_1_37' title="bbox 177 3488 1404 3564; baseline 0.001 -23"><span class='ocrx_word' id='word_1_300' title='bbox 177 3550 181 3564; x_wconf 65' lang='lat'><strong><em>,</em></strong></span> <span class='ocrx_word' id='word_1_301' title='bbox 288 3511 318 3559; x_wconf 88' lang='lat' dir='ltr'><strong><em>p.</em></strong></span> <span class='ocrx_word' id='word_1_302' title='bbox 341 3493 383 3543; x_wconf 89' lang='grc'><strong><em>64.</em></strong></span> <span class='ocrx_word' id='word_1_303' title='bbox 404 3493 437 3544; x_wconf 85' lang='lat' dir='ltr'><strong><em>de</em></strong></span> <span class='ocrx_word' id='word_1_304' title='bbox 456 3492 579 3543; x_wconf 87' lang='lat' dir='ltr'><strong><em>Romana</em></strong></span> <span class='ocrx_word' id='word_1_305' title='bbox 598 3490 718 3557; x_wconf 82' lang='lat' dir='ltr'><strong><em>eapoeuit</em></strong></span> <span class='ocrx_word' id='word_1_306' title='bbox 736 3489 855 3541; x_wconf 78' lang='lat' dir='ltr'><strong><em>historia.</em></strong></span> <span class='ocrx_word' id='word_1_307' title='bbox 894 3489 986 3555; x_wconf 85' lang='lat' dir='ltr'><strong><em>Neque</em></strong></span> <span class='ocrx_word' id='word_1_308' title='bbox 1003 3488 1103 3541; x_wconf 84' lang='lat' dir='ltr'><strong><em>Oecbsli</em></strong></span> <span class='ocrx_word' id='word_1_309' title='bbox 1116 3508 1147 3556; x_wconf 90' lang='lat' dir='ltr'><strong><em>p.</em></strong></span> <span class='ocrx_word' id='word_1_310' title='bbox 1168 3490 1212 3542; x_wconf 85' lang='lat'><strong><em>58.</em></strong></span> <span class='ocrx_word' id='word_1_311' title='bbox 1233 3499 1256 3542; x_wconf 90' lang='lat' dir='ltr'><strong><em>et</em></strong></span> <span class='ocrx_word' id='word_1_312' title='bbox 1275 3492 1404 3558; x_wconf 71' lang='lat' dir='ltr'><strong><em>Droqscn,</em></strong></span> 
     </span>
     <span class='ocr_line' id='line_1_38' title="bbox 292 3562 1404 3632; baseline -0.002 -15"><span class='ocrx_word' id='word_1_313' title='bbox 292 3565 401 3617; x_wconf 82' lang='lat' dir='ltr'><strong><em>Forscb.</em></strong></span> <span class='ocrx_word' id='word_1_314' title='bbox 427 3565 487 3628; x_wconf 88' lang='lat' dir='ltr'><strong><em>XV,</em></strong></span> <span class='ocrx_word' id='word_1_315' title='bbox 510 3583 541 3631; x_wconf 90' lang='lat' dir='ltr'><strong><em>p.</em></strong></span> <span class='ocrx_word' id='word_1_316' title='bbox 569 3563 629 3626; x_wconf 78' lang='lat'><strong><em>175,</em></strong></span> <span class='ocrx_word' id='word_1_317' title='bbox 652 3563 717 3614; x_wconf 82' lang='lat' dir='ltr'><strong><em>mibi</em></strong></span> <span class='ocrx_word' id='word_1_318' title='bbox 741 3562 797 3613; x_wconf 84' lang='lat' dir='ltr'><strong><em>otia</em></strong></span> <span class='ocrx_word' id='word_1_319' title='bbox 815 3564 980 3628; x_wconf 87' lang='lat' dir='ltr'><strong><em>persuadere</em></strong></span> <span class='ocrx_word' id='word_1_320' title='bbox 1000 3572 1155 3628; x_wconf 89' lang='lat' dir='ltr'><strong><em>potnerunt.</em></strong></span> <span class='ocrx_word' id='word_1_321' title='bbox 1236 3566 1266 3631; x_wconf 87' lang='grc'><strong><em>3)</em></strong></span> <span class='ocrx_word' id='word_1_322' title='bbox 1286 3565 1404 3632; x_wconf 78' lang='lat' dir='ltr'><strong><em>Sinqniis</em></strong></span> 
     </span>
     <span class='ocr_line' id='line_1_39' title="bbox 292 3635 1402 3704; baseline -0.002 -13"><span class='ocrx_word' id='word_1_323' title='bbox 292 3641 354 3690; x_wconf 88' lang='lat' dir='ltr'><strong><em>locis</em></strong></span> <span class='ocrx_word' id='word_1_324' title='bbox 380 3639 444 3690; x_wconf 78' lang='lat' dir='ltr'><strong><em>haec</em></strong></span> <span class='ocrx_word' id='word_1_325' title='bbox 466 3637 623 3688; x_wconf 86' lang='lat' dir='ltr'><strong><em>annotanda</em></strong></span> <span class='ocrx_word' id='word_1_326' title='bbox 642 3636 717 3687; x_wconf 83' lang='lat' dir='ltr'><strong><em>duni.</em></strong></span> <span class='ocrx_word' id='word_1_327' title='bbox 791 3635 821 3704; x_wconf 87' lang='grc'><strong><em>4)</em></strong></span> <span class='ocrx_word' id='word_1_328' title='bbox 841 3636 991 3687; x_wconf 87' lang='lat' dir='ltr'><strong><em>Betbmann</em></strong></span> <span class='ocrx_word' id='word_1_329' title='bbox 1013 3655 1044 3702; x_wconf 91' lang='lat' dir='ltr'><strong><em>p.</em></strong></span> <span class='ocrx_word' id='word_1_330' title='bbox 1066 3638 1127 3688; x_wconf 80' lang='grc'><strong>285.</strong></span> <span class='ocrx_word' id='word_1_331' title='bbox 1155 3636 1291 3704; x_wconf 81' lang='lat' dir='ltr'><strong><em>beniqnius</em></strong></span> <span class='ocrx_word' id='word_1_332' title='bbox 1317 3639 1350 3689; x_wconf 93' lang='lat' dir='ltr'><strong><em>de</em></strong></span> <span class='ocrx_word' id='word_1_333' title='bbox 1376 3655 1402 3689; x_wconf 92' lang='lat' dir='ltr'><strong><em>eo</em></strong></span> 
     </span>
     <span class='ocr_line' id='line_1_40' title="bbox 285 3709 1404 3780; baseline -0.001 -18"><span class='ocrx_word' id='word_1_334' title='bbox 285 3712 422 3780; x_wconf 78' lang='lat' dir='ltr'><strong><em>judicasse</em></strong></span> <span class='ocrx_word' id='word_1_335' title='bbox 445 3711 558 3762; x_wconf 88' lang='lat' dir='ltr'><strong><em>uidetur.</em></strong></span> <span class='ocrx_word' id='word_1_336' title='bbox 602 3709 694 3774; x_wconf 88' lang='lat' dir='ltr'><strong><em>Neque</em></strong></span> <span class='ocrx_word' id='word_1_337' title='bbox 717 3709 826 3762; x_wconf 89' lang='lat' dir='ltr'><strong><em>Boudia</em></strong></span> <span class='ocrx_word' id='word_1_338' title='bbox 851 3709 880 3760; x_wconf 91' lang='lat' dir='ltr'><strong><em>di</em></strong></span> <span class='ocrx_word' id='word_1_339' title='bbox 907 3709 995 3761; x_wconf 86' lang='lat' dir='ltr'><strong><em>Vesmc</em></strong></span> <span class='ocrx_word' id='word_1_340' title='bbox 1018 3727 1127 3776; x_wconf 84' lang='lat' dir='ltr'><strong><em>prorsus</em></strong></span> <span class='ocrx_word' id='word_1_341' title='bbox 1151 3711 1274 3762; x_wconf 83' lang='lat' dir='ltr'><strong><em>assentiri</em></strong></span> <span class='ocrx_word' id='word_1_342' title='bbox 1296 3728 1404 3776; x_wconf 89' lang='lat' dir='ltr'><strong><em>possum</em></strong></span> 
     </span>
     <span class='ocr_line' id='line_1_41' title="bbox 292 3781 1406 3852; baseline -0.001 -16"><span class='ocrx_word' id='word_1_343' title='bbox 292 3785 402 3837; x_wconf 83' lang='lat' dir='ltr'><strong><em>dicenti:</em></strong></span> <span class='ocrx_word' id='word_1_344' title='bbox 422 3785 532 3835; x_wconf 85' lang='lat' dir='ltr'><strong><em>‘Paulus</em></strong></span> <span class='ocrx_word' id='word_1_345' title='bbox 553 3790 683 3848; x_wconf 89' lang='lat' dir='ltr'><strong><em>spectatae</em></strong></span> <span class='ocrx_word' id='word_1_346' title='bbox 702 3784 806 3834; x_wconf 88' lang='lat' dir='ltr'><strong><em>omnino</em></strong></span> <span class='ocrx_word' id='word_1_347' title='bbox 818 3783 886 3849; x_wconf 77' lang='lat' dir='ltr'><strong><em>fidei</em></strong></span> <span class='ocrx_word' id='word_1_348' title='bbox 904 3781 1025 3848; x_wconf 87' lang='lat' dir='ltr'><strong><em>quamuis</em></strong></span> <span class='ocrx_word' id='word_1_349' title='bbox 1043 3801 1097 3834; x_wconf 89' lang='lat' dir='ltr'><strong><em>non</em></strong></span> <span class='ocrx_word' id='word_1_350' title='bbox 1115 3801 1215 3850; x_wconf 85' lang='lat' dir='ltr'><strong><em>semper</em></strong></span> <span class='ocrx_word' id='word_1_351' title='bbox 1232 3783 1297 3836; x_wconf 81' lang='lat' dir='ltr'><strong><em>recti</em></strong></span> <span class='ocrx_word' id='word_1_352' title='bbox 1307 3783 1406 3852; x_wconf 82' lang='lat' dir='ltr'><strong><em>judicii</em></strong></span> 
     </span>
     <span class='ocr_line' id='line_1_42' title="bbox 291 3855 1404 3923; baseline 0 -13"><span class='ocrx_word' id='word_1_353' title='bbox 291 3857 448 3910; x_wconf 80' lang='lat' dir='ltr'><strong><em>historicus&#39;.</em></strong></span> <span class='ocrx_word' id='word_1_354' title='bbox 542 3855 571 3923; x_wconf 88' lang='grc'><strong><em>6)</em></strong></span> <span class='ocrx_word' id='word_1_355' title='bbox 591 3856 667 3917; x_wconf 75' lang='lat' dir='ltr'><strong><em>thae</em></strong></span> <span class='ocrx_word' id='word_1_356' title='bbox 686 3856 768 3907; x_wconf 75' lang='lat' dir='ltr'><strong><em>Dalm</em></strong></span> <span class='ocrx_word' id='word_1_357' title='bbox 794 3875 822 3922; x_wconf 90' lang='lat' dir='ltr'><strong><em>p.</em></strong></span> <span class='ocrx_word' id='word_1_358' title='bbox 843 3857 885 3908; x_wconf 82' lang='lat'><strong><em>16.</em></strong></span> <span class='ocrx_word' id='word_1_359' title='bbox 905 3857 937 3907; x_wconf 92' lang='lat' dir='ltr'><strong><em>de</em></strong></span> <span class='ocrx_word' id='word_1_360' title='bbox 965 3873 1072 3921; x_wconf 90' lang='lat' dir='ltr'><strong><em>operum</em></strong></span> <span class='ocrx_word' id='word_1_361' title='bbox 1100 3857 1188 3908; x_wconf 84' lang='lat' dir='ltr'><strong><em>indole</em></strong></span> <span class='ocrx_word' id='word_1_362' title='bbox 1210 3858 1274 3909; x_wconf 87' lang='lat' dir='ltr'><strong><em>dicit</em></strong></span> <span class='ocrx_word' id='word_1_363' title='bbox 1287 3857 1404 3922; x_wconf 91' lang='lat' dir='ltr'><strong><em>probare</em></strong></span> 
     </span>
     <span class='ocr_line' id='line_1_43' title="bbox 291 3929 1401 3998; baseline -0.002 -15"><span class='ocrx_word' id='word_1_364' title='bbox 291 3949 399 3997; x_wconf 86' lang='lat' dir='ltr'><strong><em>nequeo.</em></strong></span> <span class='ocrx_word' id='word_1_365' title='bbox 475 3930 503 3998; x_wconf 88' lang='grc'><strong><em>6)</em></strong></span> <span class='ocrx_word' id='word_1_366' title='bbox 523 3929 577 3981; x_wconf 81' lang='lat' dir='ltr'><strong><em>Sed</em></strong></span> <span class='ocrx_word' id='word_1_367' title='bbox 605 3938 754 3980; x_wconf 82' lang='lat' dir='ltr'><strong><em>sanctorum</em></strong></span> <span class='ocrx_word' id='word_1_368' title='bbox 779 3929 914 3981; x_wconf 86' lang='lat' dir='ltr'><strong><em>miraculis</em></strong></span> <span class='ocrx_word' id='word_1_369' title='bbox 932 3929 1047 3994; x_wconf 85' lang='lat' dir='ltr'><strong><em>firmiter</em></strong></span> <span class='ocrx_word' id='word_1_370' title='bbox 1071 3931 1191 3982; x_wconf 85' lang='lat' dir='ltr'><strong><em>credidit.</em></strong></span> <span class='ocrx_word' id='word_1_371' title='bbox 1230 3930 1269 3980; x_wconf 91' lang='lat' dir='ltr'><strong><em>Iis</em></strong></span> <span class='ocrx_word' id='word_1_372' title='bbox 1292 3930 1401 3994; x_wconf 82' lang='lat' dir='ltr'><strong><em>quael,</em></strong></span> 
     </span>
     <span class='ocr_line' id='line_1_44' title="bbox 293 4001 1402 4072; baseline -0.001 -18"><span class='ocrx_word' id='word_1_373' title='bbox 293 4006 336 4056; x_wconf 89' lang='grc'><strong>26.</strong></span> <span class='ocrx_word' id='word_1_374' title='bbox 360 4005 393 4056; x_wconf 91' lang='lat' dir='ltr'><strong><em>de</em></strong></span> <span class='ocrx_word' id='word_1_375' title='bbox 415 4003 442 4056; x_wconf 80' lang='lat' dir='ltr'><strong><em>S.</em></strong></span> <span class='ocrx_word' id='word_1_376' title='bbox 463 4005 604 4054; x_wconf 88' lang='lat' dir='ltr'><strong><em>Benedicta</em></strong></span> <span class='ocrx_word' id='word_1_377' title='bbox 630 4004 700 4054; x_wconf 89' lang='lat' dir='ltr'><strong><em>cauit</em></strong></span> <span class='ocrx_word' id='word_1_378' title='bbox 724 4005 844 4071; x_wconf 83' lang='lat' dir='ltr'><strong><em>conseras</em></strong></span> <span class='ocrx_word' id='word_1_379' title='bbox 870 4001 1002 4054; x_wconf 77' lang='lat' dir='ltr'><strong><em>homiliam</em></strong></span> <span class='ocrx_word' id='word_1_380' title='bbox 1022 4003 1124 4070; x_wconf 77' lang='lat' dir='ltr'><strong><em>(Miqne</em></strong></span> <span class='ocrx_word' id='word_1_381' title='bbox 1143 4022 1173 4072; x_wconf 91' lang='lat' dir='ltr'><strong><em>p.</em></strong></span> <span class='ocrx_word' id='word_1_382' title='bbox 1201 4005 1279 4054; x_wconf 81' lang='lat'><strong><em>1575.</em></strong></span> <span class='ocrx_word' id='word_1_383' title='bbox 1307 4005 1402 4067; x_wconf 58' lang='lat' dir='ltr'><strong><em>luten</em></strong></span> 
     </span>
     <span class='ocr_line' id='line_1_45' title="bbox 291 4077 1402 4144; baseline -0.002 -15"><span class='ocrx_word' id='word_1_384' title='bbox 291 4080 415 4130; x_wconf 84' lang='lat' dir='ltr'><strong><em>Testetur</em></strong></span> <span class='ocrx_word' id='word_1_385' title='bbox 433 4079 485 4128; x_wconf 90' lang='grc'><strong><em>666</em></strong></span> <span class='ocrx_word' id='word_1_386' title='bbox 505 4079 576 4143; x_wconf 88' lang='lat' dir='ltr'><strong><em>quod</em></strong></span> <span class='ocrx_word' id='word_1_387' title='bbox 595 4077 711 4142; x_wconf 80' lang='lat' dir='ltr'><strong><em>loquitur</em></strong></span> <span class='ocrx_word' id='word_1_388' title='bbox 728 4094 822 4128; x_wconf 86' lang='lat' dir='ltr'><strong><em>recens</em></strong></span> <span class='ocrx_word' id='word_1_389' title='bbox 842 4077 908 4127; x_wconf 86' lang='lat' dir='ltr'><strong><em>illud</em></strong></span> <span class='ocrx_word' id='word_1_390' title='bbox 927 4078 1091 4140; x_wconf 82' lang='lat' dir='ltr'><strong><em>miraculum,</em></strong></span> <span class='ocrx_word' id='word_1_391' title='bbox 1111 4077 1182 4144; x_wconf 88' lang='lat' dir='ltr'><strong><em>quod</em></strong></span> <span class='ocrx_word' id='word_1_392' title='bbox 1201 4078 1330 4128; x_wconf 82' lang='lat' dir='ltr'><strong><em>antehoc</em></strong></span> <span class='ocrx_word' id='word_1_393' title='bbox 1348 4077 1402 4127; x_wconf 84' lang='lat' dir='ltr'><strong><em>fers</em></strong></span> 
     </span>
     <span class='ocr_line' id='line_1_46' title="bbox 293 4150 1402 4216; baseline -0.001 -14"><span class='ocrx_word' id='word_1_394' title='bbox 293 4152 451 4203; x_wconf 85' lang='lat' dir='ltr'><strong><em>decennium</em></strong></span> <span class='ocrx_word' id='word_1_395' title='bbox 465 4157 569 4216; x_wconf 85' lang='lat' dir='ltr'><strong><em>gestum</em></strong></span> <span class='ocrx_word' id='word_1_396' title='bbox 589 4150 730 4216; x_wconf 76' lang='lat' dir='ltr'><strong><em>multisque</em></strong></span> <span class='ocrx_word' id='word_1_397' title='bbox 749 4151 865 4203; x_wconf 77' lang='lat' dir='ltr'><strong><em>vestrum</em></strong></span> <span class='ocrx_word' id='word_1_398' title='bbox 881 4155 920 4203; x_wconf 79' lang='lat' dir='ltr'><strong><em>est</em></strong></span> <span class='ocrx_word' id='word_1_399' title='bbox 940 4153 1083 4215; x_wconf 77' lang='lat' dir='ltr'><strong><em>cognitum,</em></strong></span> <span class='ocrx_word' id='word_1_400' title='bbox 1104 4156 1204 4200; x_wconf 88' lang='lat' dir='ltr'><strong><em>mutum</em></strong></span> <span class='ocrx_word' id='word_1_401' title='bbox 1223 4151 1328 4202; x_wconf 83' lang='lat' dir='ltr'><strong><em>scilicet</em></strong></span> <span class='ocrx_word' id='word_1_402' title='bbox 1341 4156 1402 4201; x_wconf 84' lang='lat' dir='ltr'><strong><em>ante</em></strong></span> 
     </span>
     <span class='ocr_line' id='line_1_47' title="bbox 292 4223 1400 4289; baseline -0.003 -13"><span class='ocrx_word' id='word_1_403' title='bbox 292 4227 349 4276; x_wconf 87' lang='lat' dir='ltr'><strong><em>eius</em></strong></span> <span class='ocrx_word' id='word_1_404' title='bbox 368 4227 420 4275; x_wconf 89' lang='lat' dir='ltr'><strong><em>hoc</em></strong></span> <span class='ocrx_word' id='word_1_405' title='bbox 440 4241 534 4289; x_wconf 83' lang='lat' dir='ltr'><strong><em>corpus</em></strong></span> <span class='ocrx_word' id='word_1_406' title='bbox 554 4225 762 4274; x_wconf 81' lang='lat' dir='ltr'><strong><em>sacratissimum</em></strong></span> <span class='ocrx_word' id='word_1_407' title='bbox 781 4226 862 4275; x_wconf 85' lang='lat' dir='ltr'><strong><em>fuisse</em></strong></span> <span class='ocrx_word' id='word_1_408' title='bbox 882 4224 1049 4275; x_wconf 89' lang='lat' dir='ltr'><strong><em>locutum...</em></strong></span> <span class='ocrx_word' id='word_1_409' title='bbox 1074 4224 1144 4288; x_wconf 89' lang='lat' dir='ltr'><strong><em>quod</em></strong></span> <span class='ocrx_word' id='word_1_410' title='bbox 1159 4230 1199 4274; x_wconf 83' lang='lat' dir='ltr'><strong><em>est</em></strong></span> <span class='ocrx_word' id='word_1_411' title='bbox 1218 4223 1400 4274; x_wconf 81' lang='lat' dir='ltr'><strong><em>admirandum</em></strong></span> 
     </span>
     <span class='ocr_line' id='line_1_48' title="bbox 291 4297 1402 4363; baseline -0.001 -14"><span class='ocrx_word' id='word_1_412' title='bbox 291 4299 482 4360; x_wconf 82' lang='lat' dir='ltr'><strong><em>vehementius,</em></strong></span> <span class='ocrx_word' id='word_1_413' title='bbox 502 4313 554 4346; x_wconf 89' lang='lat' dir='ltr'><strong><em>non</em></strong></span> <span class='ocrx_word' id='word_1_414' title='bbox 579 4297 663 4346; x_wconf 90' lang='lat' dir='ltr'><strong><em>solum</em></strong></span> <span class='ocrx_word' id='word_1_415' title='bbox 688 4297 821 4363; x_wconf 81' lang='lat' dir='ltr'><strong><em>loquelam</em></strong></span> <span class='ocrx_word' id='word_1_416' title='bbox 844 4298 986 4363; x_wconf 84' lang='lat' dir='ltr'><strong><em>propriam,</em></strong></span> <span class='ocrx_word' id='word_1_417' title='bbox 1011 4297 1062 4346; x_wconf 90' lang='grc'><strong><em>666</em></strong></span> <span class='ocrx_word' id='word_1_418' title='bbox 1083 4301 1122 4346; x_wconf 81' lang='lat' dir='ltr'><strong><em>est</em></strong></span> <span class='ocrx_word' id='word_1_419' title='bbox 1146 4297 1294 4361; x_wconf 81' lang='lat' dir='ltr'><strong><em>barbaram,</em></strong></span> <span class='ocrx_word' id='word_1_420' title='bbox 1315 4299 1402 4363; x_wconf 86' lang='lat' dir='ltr'><strong><em>coepit</em></strong></span> 
     </span>
     <span class='ocr_line' id='line_1_49' title="bbox 293 4369 837 4434; baseline -0.009 -11"><span class='ocrx_word' id='word_1_421' title='bbox 293 4373 375 4434; x_wconf 83' lang='lat' dir='ltr'><strong><em>effari,</em></strong></span> <span class='ocrx_word' id='word_1_422' title='bbox 395 4369 443 4422; x_wconf 85' lang='lat' dir='ltr'><strong><em>sed</em></strong></span> <span class='ocrx_word' id='word_1_423' title='bbox 462 4370 540 4421; x_wconf 87' lang='lat' dir='ltr'><strong><em>simul</em></strong></span> <span class='ocrx_word' id='word_1_424' title='bbox 560 4371 640 4419; x_wconf 85' lang='lat' dir='ltr'><strong><em>etiam</em></strong></span> <span class='ocrx_word' id='word_1_425' title='bbox 661 4377 687 4420; x_wconf 84' lang='lat' dir='ltr'><strong><em>et</em></strong></span> <span class='ocrx_word' id='word_1_426' title='bbox 706 4371 837 4420; x_wconf 81' lang='lat' dir='ltr'><strong><em>Latinam.</em></strong></span> 
     </span>
    </p>
   </div>
   <div class='ocr_carea' id='block_1_6' title="bbox 0 0 1524 5014">
    <p class='ocr_par' dir='ltr' id='par_1_16' title="bbox 0 0 1524 5014">
     <span class='ocr_line' id='line_1_50' title="bbox 0 0 1524 5014; baseline 0 1"><span class='ocrx_word' id='word_1_427' title='bbox 0 0 1524 5014; x_wconf 95' lang='lat' dir='ltr'><strong><em> </em></strong></span> 
     </span>
    </p>
   </div>
  </div>
 </body>
</html>
