2994 4998
380 419 606 470 EPITAPHIUM
625 411 741 470 Ansam
760 419 930 470 REGINAE.
1161 421 1213 472 249

96 585 193 650 ducis
218 585 457 667 Beneuentani,
480 589 575 672 cujus
596 589 697 650 umori
722 587 941 672 Adolperqae,
969 587 1079 651 Aurae
1100 587 1213 672 filiae,

85 668 329 755 familiaritate
356 671 546 754 conjunctus
569 679 655 751 arat,
684 671 732 735 uel
753 673 790 735 iu
811 672 919 735 uicino
941 673 1136 736 monasterio
1154 672 1214 738 Ca-

95 754 224 818 siueuti
245 753 342 839 degit,
364 753 509 817 noudum.
525 753 648 819 Korolo
669 757 740 840 regi
760 755 940 818 addictus¹.
981 755 1069 818 Huic
1084 757 1214 838 quidem

96 847 159 900 teus
185 837 236 900 ori
266 839 460 901 oouueuiuut
482 859 565 923 quae
587 839 625 902 de
640 837 778 920 filiabus
802 839 847 902 ud
868 836 1041 920 Aufidum,
1063 839 1213 905 Rhenum

97 930 127 982 et
168 929 278 1002 rtrum,
310 921 332 984 i.
356 944 380 984 e.
404 921 481 985 duri
505 922 744 1003 Beneuentano,
767 925 839 1008 rapi
859 922 1064 986 Fraucoruut
1086 931 1115 984 et
1137 923 1213 990 duci

96 1005 336 1069 Baioarioruut
350 1007 462 1089 nuptia
477 1014 505 1068 et
525 1006 564 1069 de
582 1005 665 1070 Adel
688 1009 736 1070 iro
759 1006 959 1070 ‘Bardoruru
979 1028 1035 1090 spe
1057 1008 1213 1072 muuima’

95 1089 265 1187 loquutur,
294 1111 375 1234 grue
405 1099 485 1153 certe
514 1089 635 1154 Paulus
662 1029 767 1154 dicere
788 1112 854 1154 uou
877 1099 1015 1174 poterat,
1040 1100 1214 1176 postquam

95 1195 134 1236 iu
164 1172 275 1236 aulam
329 1172 415 1238 aroli
442 1175 538 1254 uouit,
568 1176 624 1257 qui
644 1173 812 1238 Desiderii
839 1182 952 1236 uatum
980 1175 1214 1258 repudiaverat

95 1278 198 1404 uolgus
222 1255 456 1343 Langobardia
480 1256 580 1321 ullum
603 1279 691 1342 spem
718 1259 806 1344 repis
835 1280 875 1321 ea
900 1279 1014 1343 pauore
1045 1259 1214 1324 Desiderii

96 1362 133 1402 re
146 1349 284 1424 tquerot.
1043 1339 1081 1404 C.
1103 1343 1149 1406 W.

151 1495 294 1561 SUPER
317 1495 583 1561 SEPULCRUM
604 1495 794 1561 DOMNAE
815 1496 931 1562 ANSE
952 1495 1162 1561 REGINAE.

181 1597 299 1661 Laetea
320 1596 505 1682 splendifico
528 1621 608 1684 quae
629 1597 723 1684 fulgit
743 1597 855 1663 tumba
876 1597 1002 1663 metallo
1043 1600 1046 1604 ’

183 1679 394 1746 Reddendum
416 1681 607 1782 quandoque
628 1691 714 1748 tenet
734 1680 892 1746 laudabile
915 1703 1039 1768 eorpus

181 1765 244 1829 Hie
266 1787 404 1850 namque
425 1767 561 1830 Ausonii
583 1767 699 1830 coniux
716 1764 932 1852 pulcherrima
953 1767 1037 1850 regis

181 1847 270 1912 Ansa
291 1847 383 1930 iacet,
404 1859 507 1914 totum
529 1871 654 1936 semper
674 1849 799 1915 victura
820 1872 879 1935 per
900 1850 1009 1915 orbem

182 1932 328 1996 Famosis
350 1933 480 2016 meritis,
502 1932 579 1998 dum
600 1932 728 1998 stabunt
748 1932 869 2019 templa
889 1933 1053 2016 Tonantis,

178 2016 265 2080 Dum
286 2015 379 2080 flores
401 2027 440 2081 ea
461 2018 562 2100 terris,
585 2018 662 2082 dum
682 2016 790 2081 lumen
811 2020 852 2080 ab
874 2018 1000 2082 aethere
1022 2019 1133 2104 surgit.

178 2099 269 2164 Haeo
291 2101 428 2184 patriam
449 2099 539 2165 bellis
561 2099 699 2166 laceram
720 2102 912 2186 iamiamque
934 2111 1077 2166 ruentem

179 2182 337 2267 Compare
359 2205 434 2246 oum
455 2205 573 2269 magno
594 2183 737 2248 relevans
759 2181 913 2248 stabilivit
934 2195 966 2249 et
986 2185 1084 2248 auxit.

177 2264 313 2329 Protulit
333 2267 411 2329 haec
432 2266 533 2348 nobis,
555 2270 646 2351 regni
668 2269 722 2352 qui
744 2277 868 2352 sceptra
889 2278 1018 2349 teneret,

176 2347 331 2433 Adelgisb
353 2371 515 2435 magnum,
536 2349 700 2436 formaque
721 2351 891 2436 animoque
912 2359 1084 2450 potentem,

180 2431 237 2495 *In
260 2454 322 2518 quo
344 2455 402 2518 per
424 2433 586 2500 Christum
608 2433 722 2499 Bardis
744 2457 817 2520 spes
839 2457 980 2498 mamma
1001 2436 1125 2498 mansit.
1217 2443 1257 2499 '1³-
1273 2448 1322 2491 1⁹¹·

177 2517 287 2580 Fortia
308 2527 452 2582 natarum
474 2516 621 2582 thalamis
642 2519 704 2583 sibi
724 2528 855 2606 pectora
876 2519 989 2599 iunxit,

177 2599 339 2664 Discissos
360 2611 498 2684 nectens,
520 2601 650 2687 rapidus
673 2624 753 2688 quos
775 2599 911 2666 Aufidus
932 2603 1041 2682 ambit,

177 2683 272 2748 Pacis
293 2706 400 2750 amore
421 2685 535 2770 ligans,
557 2687 688 2771 cingunt
709 2699 810 2772 quosc
830 2686 938 2750 Renus
960 2698 992 2751 et
1011 2687 1131 2751 Hister.

177 2767 263 2848 Quin
285 2769 379 2833 etiam
400 2780 528 2834 aeterno
550 2771 746 2834 mansitans
791 2771 870 2833 ortio
892 2770 983 2854 Regi,

177 2852 330 2937 Virginea
353 2876 367 2916 s
391 2851 520 2918 lendore
541 2855 672 2935 micans,
693 2853 742 2918 his
764 2793 872 2918 dedita
892 2853 1019 2940 templis
1028 2867 1051 2918 ².

177 2933 323 3000 Cultibus
385 2937 514 3001 tithroni
536 2947 668 3024 quantas
689 2937 868 3002 fimdaverit
888 2937 992 3020 aedes,

178 3021 328 3106 Quasque
350 3020 529 3107 frequentat
549 3044 655 3108 egens,
678 3021 791 3109 pandit
811 3021 891 3086 bene
913 3044 1022 3086 rumor
1042 3023 1170 3110 ubique.

177 3101 316 3168 Securus
338 3105 401 3168 iam
424 3127 518 3192 carpe
539 3107 636 3187 viam,
682 3107 845 3190 eregn'nus
867 3105 907 3170 ab
931 3107 993 3170 oris

176 3185 328 3253 Occiduis
351 3189 494 3276 quisquis
515 3128 689 3255 venerandi
711 3189 849 3254 esdmina
870 3190 956 3254 Petri

177 3269 435 3358 Garganiamque
457 3273 538 3372 petis
559 3297 673 3360 rupem
694 3271 883 3338 venerabilis
905 3275 996 3338 antri.

175 3353 281 3418 Huius
303 3355 343 3420 ab
366 3357 485 3421 auxiho
507 3368 594 3423 tutus
615 3380 679 3422 non
700 3357 763 3422 tela
783 3356 922 3437 latronis,

174 3437 309 3522 Frigora
330 3439 380 3504 vel
401 3441 527 3506 nimbos
548 3443 640 3506 firrva
661 3441 720 3506 sub
741 3451 834 3505 noete
856 3439 995 3505 timebis:

174 3519 293 3606 Ampla
314 3522 407 3586 simul
428 3545 502 3587 nam
522 3533 605 3589 tecta
626 3524 684 3589 tibi
705 3533 894 3609 pastumque
939 3523 1049 3587 aravit.

174 3603 272 3667 Plura
291 3603 379 3691 loqui
400 3607 532 3671 invitam
553 3607 691 3673 brevitas
712 3616 800 3670 vetat
820 3544 956 3692 inproba
976 3605 1134 3690 linguam3

176 3685 373 3752 Concludam
393 3693 520 3775 pauois:
544 3690 695 3777 quicquid
716 3691 834 3776 pietate
855 3689 1021 3771 redundat,

175 3770 337 3859 Quicquid
358 3783 463 3838 mente
485 3775 594 3854 micat,
611 3785 774 3862 gestorum
796 3783 852 3838 aut
871 3773 942 3838 luce
965 3784 1118 3857 coruscat,

172 3854 264 3920 Inte
286 3867 401 3921 cuneta
425 3855 527 3942 simul,
549 3857 673 3945 fulgens
694 3859 813 3943 regina,
834 3857 991 3923 manebat.

93 3978 114 4030 a)
131 3990 174 4022 ..a
190 3981 236 4022 rod.
297 3981 320 4034 b)
337 3993 352 4032 g
367 3994 377 4022 e
392 3994 449 4025 corr.
465 3997 482 4025 0.
544 3983 565 4038 e)
581 3987 613 4026 ita
629 3987 706 4026 saeuit.
723 3985 810 4034 Haupt3
826 3984 941 4025 cheranus
957 3994 973 4024 c.

95 4073 121 4140 1)
140 4073 180 4142 Cf.
200 4094 284 4144 supra
302 4095 329 4145 p.
349 4079 375 4131 4.
471 4077 499 4147 2)
518 4080 714 4149 Aurelioryam,
740 4079 900 4130 albatissam
917 4077 1069 4132 monasterii
1087 4077 1116 4132 S.
1135 4077 1197 4131 Sat-

92 4150 187 4201 uatoris
203 4149 331 4202 Briaiaui
349 4169 366 4202 a
378 4151 518 4206 Desiderio
537 4163 561 4206 et
580 4153 655 4206 Ausa
665 4152 788 4221 fundati,
807 4159 836 4210 ut
854 4150 972 4220 dr‘quoum
990 4157 1016 4205 a.
1037 4153 1097 4216 769,
1118 4153 1191 4206 Mon.

87 4230 158 4288 patr.
178 4223 261 4287 XIII,
283 4226 325 4288 70,
345 4225 425 4290 docet,
444 4225 563 4295 intelligi,
581 4227 677 4294 Haupt
695 4225 803 4279 monuit.
