3076 5004
301 414 353 464 130
436 414 547 464 PAULI
567 412 740 464 HISTORIA
760 412 1094 466 LANGOBARDORUM.
1133 416 1206 468 LIB.
1226 417 1279 471 ΙΙΙ.

298 579 340 644 ad
370 579 517 644 (tradam
543 580 662 643 reversi
691 588 773 643 sunt.
817 580 941 660 Quibus
963 602 1022 646 nee
1048 581 1138 667 plebs
1178 585 1415 650 communicare

183 647 220 701 ’⁹’
239 652 410 746 ¹⁰¹·voluit,
442 685 501 728 nec
537 663 633 726 ceteri
655 663 818 750 *episcopi
858 665 931 728 eosl
967 675 1166 750 receperunt.
1220 667 1414 732 Smaracdus

140 710 182 752 589
190 717 227 756 vel
236 713 287 756 599.

299 843 322 896 a)
340 843 414 884 Grada
430 845 448 883 F
466 846 491 893 13
509 843 599 884 Gradus
616 843 709 886 (tr-4.
726 846 767 884 11.
777 845 798 896 3,
814 846 865 895 atit3
881 846 906 884 in
922 845 1012 886 Gradus
1028 848 1084 896 D33
1100 849 1125 888 ln
1142 849 1226 896 gradus
1241 850 1415 900 propriosne.

297 903 322 956 5)
339 914 378 944 eos
394 900 511 952 accipiens
527 903 601 942 mediis
617 904 699 942 omissis
716 902 737 943 Gr
753 903 785 942 50.

297 989 630 1090 nequaquamdamnabat
643 1020 696 1071 tria
715 1022 845 1087 capitula,
864 1024 892 1074 id
907 1031 955 1088 est,
974 1027 1104 1092 referente
1124 1025 1224 1078 Victore
1242 1027 1416 1078 [lttnnunensi

298 1117 324 1150 a.
335 1098 396 1159 542,
418 1095 557 1162 epistolam
569 1095 637 1145 Ibae
649 1095 781 1148 Edesseni
801 1099 920 1164 episcopi
938 1099 973 1148 ad
985 1100 1080 1149 Marim
1093 1100 1211 1163 Persam,
1231 1116 1300 1166 quae
1313 1101 1415 1151 iudicio

297 1171 394 1238 synodi
414 1168 643 1220 calchedonensis
664 1167 767 1233 (quarti
785 1168 889 1220 concilii
906 1170 1067 1222 universalia
1087 1189 1113 1223 u.
1134 1173 1200 1235 451)
1221 1174 1369 1240 approbata
1389 1180 1416 1224 et

298 1243 446 1297 orthodoxa
458 1242 578 1292 iudicata
591 1247 643 1305 est3
662 1243 831 1293 Theodorum
846 1244 908 1294 dein
921 1245 1138 1310 Mopsuestenum
1153 1248 1317 1312 episcopum,
1337 1263 1415 1312 syno-

298 1317 395 1369 daliter
413 1315 535 1366 similiter
548 1314 619 1381 apud
634 1315 802 1366 Antiochiam
813 1323 839 1367 et
853 1317 1024 1369 Calchadone
1035 1318 1187 1382 laudatum
1207 1325 1235 1369 et
1253 1319 1415 1370 Theodoreti

299 1391 363 1457 Cyri
382 1390 502 1456 episcopi
522 1388 602 1450 dicta,
631 1389 726 1454 synodi
747 1388 974 1442 Calchedonensis
998 1392 1109 1442 vocibus
1139 1392 1301 1444 collaudata.
1338 1393 1415 1444 Haec

298 1464 416 1529 capitulo
444 1469 480 1512 tot
508 1469 693 1527 tantarumque
721 1459 916 1512 discordiarum
944 1481 1028 1514 causa
1055 1465 1217 1528 exstiterunt,
1246 1473 1276 1516 ut
1304 1466 1340 1516 ad
1369 1483 1413 1518 eus

298 1535 462 1588 dirimendae
482 1551 507 1584 a.
527 1534 727 1598 sanquinem
746 1536 897 1586 uniuersale
925 1536 1062 1588 concilium
1084 1535 1335 1604 Oonstantinopobim
1354 1557 1414 1590 con-

297 1617 444 1670 vocaretur,
463 1607 492 1656 in
521 1623 572 1672 quo
596 1606 746 1658 tteodoroo
774 1607 887 1660 manime
916 1619 1045 1676 anqustae
1065 1611 1187 1676 factione
1215 1613 1268 1662 tria
1296 1612 1415 1677 capitula

298 1683 427 1735 damnata
446 1687 515 1741 sunt,
537 1677 648 1732 Siloerio
674 1697 752 1746 papa
771 1697 860 1732 eorum
888 1683 1025 1748 defensore
1043 1681 1187 1748 interfecto,
1212 1683 1273 1736 aliis
1287 1683 1414 1750 plurimis

298 1753 425 1822 episcopis
444 1753 476 1803 ob
496 1753 586 1804 eadem
605 1752 633 1802 in
652 1770 780 1804 carcerem
799 1755 926 1822 conjectis,
948 1755 1008 1808 otiis
1027 1755 1056 1806 in
1073 1757 1180 1808 coritium
1199 1756 1293 1820 missis,
1320 1755 1414 1824 Vipilio

299 1835 393 1891 autem,
413 1823 521 1878 Sitocrii
539 1842 693 1887 successore,
714 1825 744 1877 ob
758 1827 786 1877 id
806 1834 907 1878 tontum
926 1828 1092 1881 damnationi
1111 1847 1245 1882 assensum
1259 1831 1413 1896 praebente,

297 1909 326 1954 ut
339 1905 473 1967 papatum
492 1897 625 1949 obtineret.
656 1898 736 1964 Papa
760 1906 846 1951 autem
858 1902 960 1965 factus,
982 1911 1005 1954 et
1025 1901 1083 1968 ipse
1101 1904 1296 1954 damnationem
1315 1903 1413 1968 impro-

298 1973 377 2036 bauit,
406 1971 517 2038 ideoque
542 1989 559 2020 a
586 1970 737 2023 Justiniano
766 1973 795 2022 in
824 1973 932 2025 coritium
960 1979 1058 2040 trusus,
1084 1994 1116 2028 ea
1144 1983 1246 2027 tantam
1265 1974 1413 2027 conditione

297 2049 432 2100 restitutus
451 2053 496 2107 eet,
517 2053 545 2094 ut
565 2043 685 2110 quintum
704 2044 840 2096 concilium
858 2046 997 2113 reciperen
1017 2049 1046 2100 id
1065 2050 1137 2115 quod
1156 2048 1233 2100 etium
1252 2065 1412 2100 successores

289 2123 414 2188 fecerunt
433 2118 464 2170 ob
477 2134 573 2183 pacem
592 2118 712 2170 ecclcsiae
732 2114 900 2184 seruandam,
920 2121 961 2172 nit
977 2128 1063 2173 tamen
1081 2121 1285 2174 Chalcedonensi
1303 2122 1413 2173 concilio

295 2195 354 2246 idco
374 2189 498 2260 deropari
517 2189 614 2258 confsi.
653 2189 707 2242 Sed
721 2191 786 2243 licet
805 2199 899 2259 postea
917 2197 1049 2261 imperiali
1068 2197 1186 2262 pondere
1200 2197 1235 2246 ad
1255 2211 1412 2248 eonsensum

297 2267 475 2319 damnationis
507 2263 682 2332 capitulorum
712 2267 829 2332 ipsorum
861 2268 989 2333 paulatim
1022 2269 1120 2334 singuli
1151 2270 1249 2320 fuerint
1281 2271 1412 2320 coarctati

297 2341 389 2404 (acrba
408 2346 469 2389 aurit
497 2337 577 2390 libelii
601 2337 727 2403 supplicis
748 2356 765 2388 a
792 2339 967 2406 suffroyaneis
995 2339 1222 2408 Aquiteyiensibus
1243 2343 1279 2392 od
1297 2343 1412 2407 impera·

296 2422 376 2468 torem
394 2409 554 2462 Mauritium
574 2427 599 2460 a.
621 2412 683 2462 590.
697 2409 811 2476 directi),
838 2419 985 2464 nostrarum
1006 2421 1096 2466 tamen
1115 2417 1312 2482 provinciarum
1330 2431 1411 2466 vene-

294 2488 371 2539 randi
392 2485 546 2536 decessores
566 2483 600 2533 ad
620 2487 672 2535 hoc
691 2485 815 2534 inclinari
839 2487 912 2537 nullo
936 2487 1014 2538 modo
1040 2494 1190 2554 potuerunt.
1227 2489 1344 2551 Quorum
1363 2505 1412 2540 nos

296 2559 418 2626 exempla
446 2564 593 2620 servantes,
624 2574 684 2608 cum
713 2559 835 2610 universo
865 2560 963 2626 popula
993 2563 1070 2612 nobis
1098 2562 1200 2613 credito
1220 2570 1363 2628 sequentes
1382 2563 1410 2612 in

296 2634 417 2687 omnibus
440 2631 621 2682 defensionem
643 2631 870 2684 Chalcedonensis
897 2633 1013 2698 concilii,
1040 2651 1057 2684 u
1077 2636 1261 2686 communione
1282 2635 1410 2686 damnan-

293 2709 359 2758 tium
379 2706 512 2756 abstinere
532 2704 712 2768 dignoscimur
725 2703 766 2768 (id
785 2705 856 2770 quod
867 2705 994 2774 Ifetaqius
1013 2707 1053 2758 II.
1068 2725 1120 2774 per
1132 2713 1183 2760 tres
1203 2706 1327 2774 epistolas
1345 2707 1411 2774 ipsis

294 2778 450 2832 dissuadere
468 2776 578 2839 studuit,
598 2794 623 2827 a.
644 2777 707 2828 585.
727 2778 769 2828 rel
787 2778 848 2841 586,
869 2780 903 2844 cf.
923 2797 1008 2846 supra
1027 2780 1084 2844 III,
1106 2782 1156 2842 20;
1180 2783 1227 2833 sed
1245 2781 1286 2832 nit
1303 2781 1408 2848 effecit-l

294 2855 403 2904 Etcum
417 2850 580 2916 smaragdus
600 2851 730 2915 gloriosus
747 2852 904 2904 cartularius
917 2853 1025 2904 Heliam
1038 2855 1269 2922 archiepiscopum
1288 2855 1409 2921 pluribus

294 2927 398 2978 vicibus
425 2925 600 2987 contristaret,
625 2939 684 2974 cum
710 2931 799 2975 nostro
825 2927 942 2976 omnium
968 2942 1099 2979 consensu
1125 2927 1221 2978 direxit
1239 2927 1274 2978 ad
1294 2930 1411 2994 vestigia

293 2999 457 3066 principatus
484 2999 567 3048 vestri
595 3013 697 3063 preces,
725 3003 774 3048 ut.
790 3033 817 3048 ..
837 2998 872 3048 ad
901 3000 984 3050 vestri
1012 3001 1190 3068 praesentiam
1218 3001 1355 3052 veniretur
1383 3008 1410 3053 et

294 3076 410 3123 vestrum
442 3076 628 3137 expectaretur
655 3072 793 3121 iudicium.
841 3073 918 3134 Quod
946 3075 1032 3139 pietas
1060 3079 1189 3125 vestra..
1205 3110 1232 3126 ..
1252 3075 1409 3140 suscipiens,

293 3146 438 3196 iussionem
469 3143 544 3196 dedit
571 3144 605 3193 ad
633 3143 777 3210 gloriosum
807 3145 992 3211 smaragdum,
1021 3154 1049 3198 ut
1077 3147 1229 3198 nullatenus
1248 3163 1409 3214 quemquam

293 3218 442 3284 inquietare
461 3223 658 3284 praesumeret.
671 3253 677 3267 .
689 3253 695 3267 .
707 3253 713 3267 .
727 3217 834 3268 Deinde
855 3219 994 3270 destructus
1014 3227 1054 3272 est
1067 3220 1161 3272 Helias
1182 3221 1220 3283 (a.
1241 3221 1316 3285 aar).
1345 3221 1409 3272 Post

291 3291 345 3344 huc
364 3290 486 3342 ordinato
505 3291 706 3357 archiepiscopo
720 3296 809 3342 nostro
829 3291 938 3356 Severo,
958 3308 1027 3358 quae
1047 3294 1225 3346 contumeliae
1243 3293 1336 3344 illatae
1347 3295 1408 3358 sint,

295 3371 321 3416 et
341 3365 437 3431 quibus
457 3365 559 3416 iniuriis
578 3380 611 3414 ao
631 3363 715 3414 caede
738 3364 870 3431 corporali
897 3366 1006 3416 fustium
1027 3372 1126 3433 etqua
1154 3367 1282 3418 violentia
1301 3367 1336 3417 ad
1355 3369 1408 3417 Ra-

293 3444 436 3490 vennatem
455 3439 592 3488 civitatem
605 3437 685 3488 fuerit
703 3437 847 3503 perductus
861 3444 941 3504 atque
960 3439 1084 3490 redactus
1097 3441 1125 3490 in
1146 3441 1303 3502 custodiam,
1323 3441 1409 3506 potuit

293 3513 328 3562 ad
349 3511 448 3562 domini
467 3512 550 3563 nostri
568 3512 627 3576 pias
646 3525 723 3560 aures
743 3513 800 3561 sine
822 3511 902 3562 dubio
927 3515 1077 3578 pervenire.
1116 3513 1161 3564 Ibi
1178 3514 1275 3566 mansit
1295 3510 1408 3564 Severus

287 3600 459 3652 perannum
478 3600 569 3645 unum,
588 3583 668 3633 donea
690 3582 890 3635 damnatoribus
916 3585 996 3635 trium
1015 3585 1190 3652 capitulorum
1215 3583 1408 3638 communicans

292 3659 430 3710 releuatus
450 3665 487 3709 est
505 3674 532 3706 a.
552 3655 613 3706 588.
632 3657 675 3706 aei
693 3655 755 3708 589.
792 3655 847 3708 Sed
866 3674 924 3708 cum
942 3655 981 3708 ita
999 3657 1056 3725 ipse
1070 3659 1275 3726 patriarcbaet
1294 3659 1408 3710 Severus

296 3728 472 3800 Tergestinus,
500 3729 635 3780 Jobannea
663 3727 839 3793 Parentinus,
871 3728 1004 3783 Patricius
1032 3731 1220 3796 dommianus,
1256 3731 1408 3782 Vindemiae

293 3802 418 3856 Oisrensis
437 3811 461 3856 ct
487 3803 623 3855 Iohannes
652 3799 797 3866 Ueleianus,
824 3803 871 3868 qui
898 3811 959 3856 teste
990 3805 1074 3857 Paulo
1103 3823 1160 3856 una
1179 3822 1238 3857 oum
1257 3804 1409 3870 patriarcha

293 3879 519 3928 communicarant
546 3875 624 3926 trium
651 3875 828 3942 capitulorum
855 3876 1062 3940 damnatoribus,
1092 3881 1191 3930 scisma
1202 3876 1329 3942 fecissent
1353 3874 1408 3928 siae

292 3947 442 4002 scurionem
460 3949 529 4001 inter
548 3949 681 4015 episcopos
706 3949 839 4016 bucusque
857 3949 886 4000 in
912 3951 1084 4016 defensandis
1110 3949 1233 4016 capitulis
1259 3948 1407 4013 concordes,

292 4023 380 4074 eodem
401 4021 484 4073 Paulo
502 4023 644 4086 referente:
673 4038 724 4074 nec
752 4022 880 4090 plebeiis
910 4025 1106 4076 communicare
1134 4023 1226 4086 voluit,
1255 4038 1306 4072 nec
1326 4025 1409 4073 ceteri

292 4094 429 4148 duodecim
449 4097 576 4162 episcopi,
596 4098 642 4162 qui
660 4113 689 4148 se
709 4097 742 4147 ab
756 4097 808 4148 hoo
826 4099 951 4149 scismate
971 4098 1153 4160 cohibuerunt,
1173 4111 1219 4147 eos
1238 4102 1406 4162 receperunt,

292 4169 438 4234 usquedum
455 4169 484 4219 in
502 4169 602 4234 synodo
622 4171 696 4234 opud
715 4168 861 4221 Muranum
879 4185 967 4237 prope
992 4168 1112 4222 Venetiae
1130 4170 1211 4234 factu
1236 4187 1261 4220 a.
1282 4169 1345 4220 588.
1365 4185 1406 4221 eor.

291 4243 333 4294 aet
351 4241 413 4294 589.
432 4243 474 4294 aei
490 4242 597 4294 ineunte
616 4243 678 4296 590.
695 4241 857 4310 patriarcba
876 4261 933 4295 cum
959 4243 1075 4308 quinque
1093 4243 1149 4294 suis
1178 4241 1343 4308 sequacibus,
1365 4259 1408 4294 er·

290 4331 376 4367 rorem
404 4332 489 4378 suum,
518 4316 588 4382 quod
616 4319 696 4368 trium
724 4317 899 4384 capitulorum
927 4316 1126 4368 damnatoribus
1156 4318 1406 4379 communicassent,

292 4390 445 4457 confitentes,
463 4387 492 4440 in
520 4390 723 4442 communionem
742 4407 759 4442 a
786 4388 894 4456 reliquis
922 4397 983 4441 sunt
1011 4389 1117 4456 recepti.
1162 4389 1262 4442 Eodem
1283 4398 1406 4456 tempore,
