3040 5014
295 408 326 457 16
523 405 632 456 PAULI
652 405 824 458 HISTORIA
843 405 1176 459 LANGOBARDORUM.

293 565 323 579 ”
372 575 461 640 Τιιηο
482 569 608 658 placida
630 574 752 637 cunctis
773 573 842 637 vita
863 573 1067 660 studiumque
1088 585 1244 642 maneret:

373 657 485 724 omnia
505 653 636 741 sophiae
658 677 718 720 cae
741 657 794 720 isti
815 654 953 720 culmina
976 678 1092 740 sacrae,

373 743 459 828 Rege
480 749 627 804 monente
649 741 702 824 pio
754 739 863 822 atchis,
890 751 1053 826 penetrare
1074 741 1232 808 decenter.

372 821 509 892 Plurima
529 834 691 909 captasses
713 824 809 912 digne
832 846 905 888 cum
928 825 968 889 do
1024 835 1077 890 ata
1099 828 1200 908 cuius,

372 907 587 994 llesplendens
609 917 739 972 cunctos
761 931 799 972 su
824 910 884 974 eris
906 918 942 973 ut
961 848 1089 974 ἔξω
1111 911 1152 975 ab
1175 914 1283 978 astris:

370 993 495 1060 llrctoas
516 990 610 1056 rutilo
633 991 790 1056 decorasti
800 931 929 1057 lumine
973 1001 1069 1058 entes.

372 1077 457 1142 uisis
478 1077 543 1139 iam
563 1076 699 1138 nimium
720 1074 811 1140 fluidi
832 1097 905 1139 cum
926 1016 1027 1162 gloria
1052 1075 1148 1142 saecli
1238 1107 1243 1114 ·

371 1159 541 1245 condignis
562 1159 678 1223 ditaret
700 1181 797 1224 ovans
820 1167 851 1224 te
873 1159 981 1224 sedule
1025 1162 1106 1225 anis:

369 1245 462 1310 Lucis
485 1242 525 1306 ob
547 1253 693 1307 aeternae
714 1245 814 1308 vitam
836 1244 902 1308 sine
924 1243 986 1308 fine
1002 1185 1134 1310 sheatam

370 1327 533 1394 Audacter·
545 1327 691 1412 sprevisti
711 1326 806 1391 huius
827 1328 960 1392 devotus
981 1328 1125 1411 honores,

372 1411 466 1496 llegis
489 1419 520 1474 et
540 1411 676 1474 inmensi
696 1409 795 1475 fretus
816 1412 935 1496 pietate
956 1411 1112 1497 polorum,

369 1493 513 1559 llernanti
534 1493 597 1557 huc
619 1493 748 1558 domino
770 1516 827 1580 pro
852 1497 947 1559 erasti
992 1506 1097 1561 ectore
1120 1493 1244 1561 Christo

370 1576 506 1643 Subdita
528 1575 609 1642 colla
630 1577 705 1642 dare
726 1579 813 1643 Bene
837 1581 911 1644 rctil’
934 1602 953 1643 a
997 1589 1087 1679 septa
1107 1579 1208 1662 beati3

370 1660 529 1746 Exemplis
550 1683 627 1725 mox
648 1672 752 1726 comta
772 1664 856 1727 tuisc
878 1662 934 1728 nbi
956 1674 1060 1728 contro
1082 1686 1172 1728 sacra

369 1748 450 1812 'l'um
471 1744 565 1809 iubar
586 1755 621 1810 ut
641 1745 765 1830 fulgens
787 1767 842 1810 cae
866 1747 891 1810 it
910 1748 1034 1813 radiare
1057 1749 1207 1812 coruscis

370 1831 404 1894 ln
425 1838 456 1893 te
477 1849 551 1892 nam
573 1830 674 1913 pietas
695 1831 820 1916 iugiter,
843 1769 925 1896 lilec
941 1835 971 1895 io
992 1831 1105 1912 duleis,

371 1915 537 1978 llectareus
559 1923 590 1977 et
633 1914 699 1978 aeis
721 1936 818 1996 amor,
840 1915 992 2000 patientia
1013 1917 1136 1998 victrix,

194 2015 275 2070 'aaa
351 1995 562 2082 *Simplicitas
583 1935 692 2062 sollers
713 1998 856 2082 nimium,
879 1999 1048 2064 concordia
1069 2021 1202 2081 summa,

370 2082 468 2148 (lmne
489 2079 789 2167 simulquebonurn
810 2105 943 2169 semper,
966 2084 1153 2168 venerande,
1175 2083 1333 2148 manebat.

369 2167 454 2230 llunc
476 2165 548 2230 ideo
571 2164 650 2230 caeli
671 2175 701 2230 te
722 2189 868 2252 gemmea
888 2189 987 2253 regna
1007 2177 1180 2249 retentant3

370 2248 533 2315 Sideream
555 2250 671 2313 retines
693 2251 811 2335 pariter
831 2273 888 2336 per
910 2249 1013 2315 saecla
1035 2272 1192 2315 coronam.

368 2405 441 2469 Hoc
461 2405 530 2488 tibi,
551 2427 649 2490 posco
671 2427 770 2488 sacer,
791 2417 917 2492 gratum
939 2408 980 2471 sit
1001 2429 1130 2472 carmen
1149 2407 1286 2489 honoris,

409 2487 534 2554 Hildric
555 2512 595 2554 en
617 2491 717 2554 cecini
739 2490 826 2576 quod
846 2489 1042 2556 lacrimando
1064 2502 1147 2556 tuus.

370 2572 475 2652 Quem
495 2574 640 2658 requiem
662 2583 789 2659 captare
810 2575 873 2638 tuis
894 2575 955 2658 fac,
978 2599 1086 2662 ques0,
1109 2598 1280 2662 perennem

412 2655 549 2720 Sacratis
571 2658 731 2742 precibus,
754 2681 878 2744 semper
898 2659 1034 2725 amande
1055 2661 1158 2746 pater!

348 2831 486 2896 Saeculo
495 2833 531 2895 X.
540 2832 900 2918 verosamapopuloria
909 2832 1395 2915 etseriptociefabuloeeeadere

285 2917 401 3000 cupidi
411 2915 524 2981 levitas
533 2916 692 2998 dePanlo,
704 2919 775 2982 viro
786 2919 823 2980 ia
832 2915 933 2978 Italia
940 2914 1095 2998 inferiori
1106 2913 1314 2996 celeberrimo,
1326 2925 1392 2978 tra·
1497 2970 1499 3005 ζ

284 3001 474 3081 dicerene,
498 3023 580 3086 quoe
603 3025 624 3064 a
645 3023 719 3066 vero
736 2999 839 3084 plone
862 2999 1049 3080 abliorrere,
1066 3000 1177 3083 primo
1199 3021 1286 3064 nanc
1303 3009 1395 3083 putet

286 3093 428 3168 aspecta,
441 3105 523 3168 quiae
535 3095 640 3149 tamen
654 3085 716 3150 alii
726 3087 796 3170 ejus
808 3084 953 3168 capionis
963 3092 1117 3164 auctores,
1130 3083 1192 3147 Leo
1205 3082 1362 3148 Ostiensis
1371 3095 1394 3166 ²,
1498 3111 1499 3124 ¹

285 3263 308 3315 a)
324 3265 357 3304 Ec
372 3265 408 3304 sin
423 3277 441 3306 c.
486 3264 510 3318 b)
521 3265 619 3314 fortasse
634 3265 754 3315 tepentem:
771 3264 800 3304 ad
814 3264 942 3304 Benedicti.
1004 3261 1024 3314 c)
1041 3265 1073 3302 tta
1088 3263 1133 3314 ed.,·
1148 3266 1235 3304 monuit
1250 3277 1292 3306 von
1306 3267 1330 3306 in
1346 3267 1391 3309 cod.
1499 3297 1500 3334 ,

286 3411 313 3480 1)
335 3411 429 3466 Oinoa.
449 3413 554 3466 Salem.
575 3432 596 3465 c.
611 3416 635 3477 9,
655 3412 704 3465 SS.
725 3413 782 3478 III,
797 3432 828 3479 p.
842 3415 912 3474 476;
931 3415 975 3466 36.
996 3417 1040 3480 37,
1057 3433 1086 3480 p.
1101 3416 1162 3468 488.
1256 3416 1285 3484 2]
1305 3417 1329 3482 I,
1351 3421 1394 3484 15,
1499 3411 1500 3432 l

284 3485 333 3540 ΕΒ.
353 3487 417 3551 VII,
431 3505 463 3554 p.
476 3488 537 3538 591.
576 3485 667 3549 Addit,
687 3485 803 3537 Paulam
815 3486 952 3540 Desidet-ii
962 3489 1052 3554 fuisse
1064 3490 1205 3554 notarium,
1224 3499 1249 3542 et
1267 3492 1299 3543 de
1312 3491 1395 3558 scrip·
1499 3551 1500 3564 ,

284 3561 316 3612 tis
335 3561 390 3628 ejus
409 3561 473 3613 hoec
485 3568 583 3612 monet:
604 3561 636 3610 In
656 3561 765 3610 historia
785 3563 864 3612 etiam
877 3563 1006 3627 Romana,
1026 3579 1105 3630 quam
1118 3565 1260 3631 Eutropius
1280 3566 1395 3618 breviter
1499 3575 1500 3614 1

284 3641 477 3702 composuerat,
497 3633 616 3684 eiusdem
628 3633 798 3700 Adelpergae
817 3641 912 3700 rogatu
930 3637 1044 3702 plurima
1063 3637 1205 3688 hincinde
1225 3655 1258 3689 ex
1277 3639 1393 3692 historiis

284 3707 476 3759 ecclesiasticis
497 3707 609 3758 addidit.
646 3707 688 3756 Ad
707 3707 827 3758 ultimum
846 3725 909 3760 vero
924 3710 989 3762 duos
1008 3710 1114 3762 libellos
1133 3727 1150 3761 a
1162 3717 1281 3780 tempore
1293 3713 1394 3764 Iuliani

284 3786 420 3848 apostate,
445 3782 473 3830 in
498 3797 576 3847 quem
595 3781 680 3846 ipsam
705 3781 848 3847 hystoriam
869 3784 1011 3850 Eutropius
1030 3786 1228 3850 terminaverat,
1253 3785 1392 3852 usquead
1499 3807 1500 3812 ¹

282 3860 402 3920 tempora
426 3855 504 3921 primi
522 3855 663 3905 Iustiniani
685 3855 852 3921 imperatoris
881 3856 967 3907 eidem
987 3859 1121 3909 annexuit.
1160 3859 1270 3909 Necnon
1289 3864 1316 3908 et
1334 3861 1391 3909 uni·

282 3943 373 3980 versas
392 3927 447 3978 fere
467 3927 570 3978 annalis
591 3929 706 3994 computi
726 3929 901 3980 lectiunculas
920 3931 1041 3981 rithmica
1062 3933 1263 3998 composuit...
1301 3931 1392 3983 Histo-

282 4003 349 4052 riam
362 4017 467 4067 quoque
486 4002 573 4066 gentis
586 4017 660 4069 suae,
679 4002 707 4055 id
727 4007 767 4056 est
779 4003 1023 4069 Langobardorum,
1043 4010 1069 4054 et
1088 4003 1215 4056 nonnulla
1227 4004 1281 4054 alia
1293 4006 1392 4070 scripta

283 4073 400 4140 eleganti
419 4073 479 4126 stilo
501 4077 657 4140 composuit.
694 4075 768 4127 Inter
786 4093 854 4143 quae
874 4092 965 4128 versus
985 4092 1090 4143 quoque
1105 4079 1257 4143 reciprocos
1271 4076 1391 4143 elegiaco

282 4153 365 4198 metro
386 4147 503 4214 digestos
523 4153 550 4198 et
574 4148 700 4212 hymnum
727 4149 759 4199 de
784 4149 895 4215 singulis
920 4150 992 4199 beati
1010 4149 1152 4200 Benedicti
1171 4149 1307 4200 miraculis
1326 4150 1391 4200 satis
1499 4175 1500 4178 ¹

284 4220 382 4272 diserto
402 4237 522 4272 sermone
543 4222 709 4287 conscripsit.
746 4220 889 4272 Praetereo
907 4221 939 4272 de
958 4220 1073 4272 carmine
1092 4239 1109 4272 a
1128 4222 1229 4273 Karoia
1247 4221 1300 4287 ipsi
1314 4221 1391 4273 misso
1499 4239 1500 4270 l

283 4293 371 4360 refert.
410 4293 504 4344 Petrus
526 4291 675 4344 Catinensis
694 4293 758 4344 leaeo
776 4295 814 4343 ita
834 4294 918 4356 aucit,
938 4293 979 4344 De
992 4293 1043 4344 cir.
1062 4294 1100 4346 tit.
1116 4293 1173 4348 Oce.
1193 4294 1245 4348 c.8
1266 4291 1319 4361 (ed.
1335 4294 1390 4346 Fa·
1499 4291 1500 4312 ³

282 4367 379 4419 bricius
393 4365 521 4432 p.107):
540 4366 639 4418 Paulus
659 4365 838 4432 Aquileiensis
857 4367 1012 4432 patriarchii
1030 4367 1158 4422 diaconus
1176 4371 1300 4437 regisque
1315 4371 1393 4422 Desi·
1498 4369 1500 4418 ζ
