<?xml version="1.0" encoding="UTF-8"?>
<!DOCTYPE html PUBLIC "-//W3C//DTD XHTML 1.0 Transitional//EN"
    "http://www.w3.org/TR/xhtml1/DTD/xhtml1-transitional.dtd">
<html xmlns="http://www.w3.org/1999/xhtml" xml:lang="en" lang="en">
 <head>
  <title>
</title>
<meta http-equiv="Content-Type" content="text/html;charset=utf-8" />
  <meta name='ocr-system' content='tesseract 3.04.00' />
  <meta name='ocr-capabilities' content='ocr_page ocr_carea ocr_par ocr_line ocrx_word'/>
</head>
<body>
  <div class='ocr_page' id='page_1' title='image "./paulihistoriala00paulgoog_0018.png"; bbox 0 0 3040 5014; ppageno 0'>
   <div class='ocr_carea' id='block_1_1' title="bbox 254 398 1136 455">
    <p class='ocr_par' dir='ltr' id='par_1_1' title="bbox 254 398 1136 455">
     <span class='ocr_line' id='line_1_1' title="bbox 254 398 1136 455; baseline 0.005 -7"><span class='ocrx_word' id='word_1_1' title='bbox 254 399 270 448; x_wconf 80' lang='lat'><em>8</em></span> <span class='ocrx_word' id='word_1_2' title='bbox 482 398 592 451; x_wconf 80' lang='lat' dir='ltr'><strong>PAULI</strong></span> <span class='ocrx_word' id='word_1_3' title='bbox 611 398 781 450; x_wconf 81' lang='lat' dir='ltr'><strong>HISTORIA</strong></span> <span class='ocrx_word' id='word_1_4' title='bbox 802 399 1136 455; x_wconf 78' lang='lat' dir='ltr'><strong>LANGOBARDORUM.</strong></span> 
     </span>
    </p>
   </div>
   <div class='ocr_carea' id='block_1_2' title="bbox 256 567 1366 1241">
    <p class='ocr_par' dir='ltr' id='par_1_2' title="bbox 256 567 1366 1241">
     <span class='ocr_line' id='line_1_2' title="bbox 341 567 1365 659; baseline 0.008 -29"><span class='ocrx_word' id='word_1_5' title='bbox 341 567 484 632; x_wconf 83' lang='lat' dir='ltr'>Korolus</span> <span class='ocrx_word' id='word_1_6' title='bbox 498 589 572 632; x_wconf 84' lang='lat' dir='ltr'>vero</span> <span class='ocrx_word' id='word_1_7' title='bbox 588 568 693 630; x_wconf 81' lang='lat' dir='ltr'>uirum</span> <span class='ocrx_word' id='word_1_8' title='bbox 709 567 880 649; x_wconf 84' lang='lat' dir='ltr'>eruditam,</span> <span class='ocrx_word' id='word_1_9' title='bbox 902 567 1094 654; x_wconf 72' lang='lat' dir='ltr'>linguarum</span> <span class='ocrx_word' id='word_1_10' title='bbox 1110 569 1262 654; x_wconf 78' lang='lat' dir='ltr'>pluriam</span> <span class='ocrx_word' id='word_1_11' title='bbox 1283 595 1365 659; x_wconf 78' lang='lat' dir='ltr'>pno-</span> 
     </span>
     <span class='ocr_line' id='line_1_3' title="bbox 256 651 1365 753; baseline 0.006 -39"><span class='ocrx_word' id='word_1_12' title='bbox 256 673 346 733; x_wconf 79' lang='lat' dir='ltr'>rum,</span> <span class='ocrx_word' id='word_1_13' title='bbox 380 653 510 736; x_wconf 82' lang='lat' dir='ltr'>scriptis</span> <span class='ocrx_word' id='word_1_14' title='bbox 538 651 700 732; x_wconf 78' lang='lat' dir='ltr'><em>celebrem,</em></span> <span class='ocrx_word' id='word_1_15' title='bbox 734 673 839 716; x_wconf 82' lang='lat' dir='ltr'>secura</span> <span class='ocrx_word' id='word_1_16' title='bbox 871 654 1006 718; x_wconf 83' lang='lat' dir='ltr'>retinere</span> <span class='ocrx_word' id='word_1_17' title='bbox 1036 653 1167 753; x_wconf 72' lang='lat' dir='ltr'>ejusque</span> <span class='ocrx_word' id='word_1_18' title='bbox 1197 677 1296 740; x_wconf 82' lang='lat' dir='ltr'>opera</span> <span class='ocrx_word' id='word_1_19' title='bbox 1329 659 1365 721; x_wconf 85' lang='lat' dir='ltr'>in</span> 
     </span>
     <span class='ocr_line' id='line_1_4' title="bbox 257 735 1365 824; baseline 0.006 -26"><span class='ocrx_word' id='word_1_20' title='bbox 257 735 440 800; x_wconf 82' lang='lat' dir='ltr'>litterarum</span> <span class='ocrx_word' id='word_1_21' title='bbox 465 735 585 799; x_wconf 82' lang='lat' dir='ltr'>stadiis</span> <span class='ocrx_word' id='word_1_22' title='bbox 616 735 799 800; x_wconf 77' lang='lat' dir='ltr'>caedendis</span> <span class='ocrx_word' id='word_1_23' title='bbox 827 735 966 821; x_wconf 83' lang='lat' dir='ltr'>aliisque</span> <span class='ocrx_word' id='word_1_24' title='bbox 997 738 1136 824; x_wconf 69' lang='lat' dir='ltr'>negotiis</span> <span class='ocrx_word' id='word_1_25' title='bbox 1152 738 1365 822; x_wconf 78' lang='lat' dir='ltr'>perficiendis</span> 
     </span>
     <span class='ocr_line' id='line_1_5' title="bbox 257 817 1365 909; baseline 0.005 -26"><span class='ocrx_word' id='word_1_26' title='bbox 257 821 307 884; x_wconf 85' lang='lat' dir='ltr'>uti</span> <span class='ocrx_word' id='word_1_27' title='bbox 328 819 485 904; x_wconf 83' lang='lat' dir='ltr'>cupiebat.</span> <span class='ocrx_word' id='word_1_28' title='bbox 531 817 592 884; x_wconf 81' lang='lat' dir='ltr'>Cui</span> <span class='ocrx_word' id='word_1_29' title='bbox 613 822 761 904; x_wconf 79' lang='lat' dir='ltr'>quumvis</span> <span class='ocrx_word' id='word_1_30' title='bbox 784 819 982 906; x_wconf 67' lang='lat' dir='ltr'><em>aliquandiu</em></span> <span class='ocrx_word' id='word_1_31' title='bbox 1003 822 1212 909; x_wconf 67' lang='lat' dir='ltr'>refragratus</span> <span class='ocrx_word' id='word_1_32' title='bbox 1234 847 1298 890; x_wconf 80' lang='lat' dir='ltr'>esce</span> <span class='ocrx_word' id='word_1_33' title='bbox 1320 827 1365 888; x_wconf 87' lang='lat' dir='ltr'>vi-</span> 
     </span>
     <span class='ocr_line' id='line_1_6' title="bbox 257 904 1365 990; baseline 0.004 -22"><span class='ocrx_word' id='word_1_34' title='bbox 257 904 383 984; x_wconf 83' lang='lat' dir='ltr'>deatur,</span> <span class='ocrx_word' id='word_1_35' title='bbox 399 904 492 968; x_wconf 83' lang='lat' dir='ltr'>cessit</span> <span class='ocrx_word' id='word_1_36' title='bbox 506 911 623 984; x_wconf 85' lang='lat' dir='ltr'>tamen,</span> <span class='ocrx_word' id='word_1_37' title='bbox 638 906 709 990; x_wconf 83' lang='lat' dir='ltr'>ejus</span> <span class='ocrx_word' id='word_1_38' title='bbox 724 905 853 969; x_wconf 81' lang='lat' dir='ltr'>servitio</span> <span class='ocrx_word' id='word_1_39' title='bbox 869 926 901 968; x_wconf 86' lang='lat' dir='ltr'>se</span> <span class='ocrx_word' id='word_1_40' title='bbox 913 905 1011 986; x_wconf 86' lang='lat' dir='ltr'>dedit,</span> <span class='ocrx_word' id='word_1_41' title='bbox 1026 907 1121 970; x_wconf 84' lang='lat' dir='ltr'>immo</span> <span class='ocrx_word' id='word_1_42' title='bbox 1127 905 1365 990; x_wconf 82' lang='lat' dir='ltr'>familiaritate</span> 
     </span>
     <span class='ocr_line' id='line_1_7' title="bbox 257 987 1365 1072; baseline 0.002 -20"><span class='ocrx_word' id='word_1_43' title='bbox 257 997 286 1052; x_wconf 83' lang='lat' dir='ltr'>et</span> <span class='ocrx_word' id='word_1_44' title='bbox 316 1009 421 1051; x_wconf 82' lang='lat' dir='ltr'>umore</span> <span class='ocrx_word' id='word_1_45' title='bbox 449 987 522 1072; x_wconf 68' lang='lat' dir='ltr'>regi</span> <span class='ocrx_word' id='word_1_46' title='bbox 551 989 742 1072; x_wconf 80' lang='lat' dir='ltr'>conjunctos</span> <span class='ocrx_word' id='word_1_47' title='bbox 772 997 825 1052; x_wconf 80' lang='lat' dir='ltr'>eat.</span> <span class='ocrx_word' id='word_1_48' title='bbox 870 990 973 1053; x_wconf 81' lang='lat' dir='ltr'>Testes</span> <span class='ocrx_word' id='word_1_49' title='bbox 1002 999 1077 1054; x_wconf 82' lang='lat' dir='ltr'>sunt</span> <span class='ocrx_word' id='word_1_50' title='bbox 1106 993 1257 1056; x_wconf 80' lang='lat' dir='ltr'>carmina</span> <span class='ocrx_word' id='word_1_51' title='bbox 1281 995 1365 1058; x_wconf 82' lang='lat' dir='ltr'>inter</span> 
     </span>
     <span class='ocr_line' id='line_1_8' title="bbox 256 1071 1366 1154; baseline 0.005 -20"><span class='ocrx_word' id='word_1_52' title='bbox 256 1071 431 1153; x_wconf 82' lang='lat' dir='ltr'>Korolum,</span> <span class='ocrx_word' id='word_1_53' title='bbox 452 1071 546 1134; x_wconf 85' lang='lat' dir='ltr'>Petro</span> <span class='ocrx_word' id='word_1_54' title='bbox 567 1071 690 1136; x_wconf 84' lang='lat' dir='ltr'>Pisano</span> <span class='ocrx_word' id='word_1_55' title='bbox 714 1073 875 1136; x_wconf 82' lang='lat' dir='ltr'>calumum</span> <span class='ocrx_word' id='word_1_56' title='bbox 903 1073 1051 1154; x_wconf 77' lang='lat' dir='ltr'><strong><em>ducente,</em></strong></span> <span class='ocrx_word' id='word_1_57' title='bbox 1074 1083 1102 1137; x_wconf 89' lang='lat' dir='ltr'>et</span> <span class='ocrx_word' id='word_1_58' title='bbox 1122 1074 1263 1140; x_wconf 84' lang='lat' dir='ltr'>Paulum</span> <span class='ocrx_word' id='word_1_59' title='bbox 1285 1099 1366 1142; x_wconf 86' lang='lat' dir='ltr'>com-</span> 
     </span>
     <span class='ocr_line' id='line_1_9' title="bbox 256 1155 1159 1241; baseline 0.003 -22"><span class='ocrx_word' id='word_1_60' title='bbox 256 1164 397 1236; x_wconf 81' lang='lat' dir='ltr'>mutata,</span> <span class='ocrx_word' id='word_1_61' title='bbox 423 1176 463 1218; x_wconf 77' lang='lat' dir='ltr'>en</span> <span class='ocrx_word' id='word_1_62' title='bbox 485 1155 601 1241; x_wconf 80' lang='lat' dir='ltr'>quibos</span> <span class='ocrx_word' id='word_1_63' title='bbox 622 1156 686 1220; x_wconf 85' lang='lat' dir='ltr'>duo</span> <span class='ocrx_word' id='word_1_64' title='bbox 709 1156 767 1221; x_wconf 83' lang='lat' dir='ltr'>boc</span> <span class='ocrx_word' id='word_1_65' title='bbox 787 1156 856 1220; x_wconf 85' lang='lat' dir='ltr'>loco</span> <span class='ocrx_word' id='word_1_66' title='bbox 877 1166 1015 1240; x_wconf 84' lang='lat' dir='ltr'>repetere</span> <span class='ocrx_word' id='word_1_67' title='bbox 1036 1155 1159 1222; x_wconf 85' lang='lat' dir='ltr'>iuuut1.</span> 
     </span>
    </p>
   </div>
   <div class='ocr_carea' id='block_1_3' title="bbox 465 1274 1162 1360">
    <p class='ocr_par' dir='ltr' id='par_1_3' title="bbox 465 1274 1162 1360">
     <span class='ocr_line' id='line_1_10' title="bbox 465 1274 1162 1360; baseline 0.006 -22"><span class='ocrx_word' id='word_1_68' title='bbox 465 1274 568 1339; x_wconf 83' lang='lat' dir='ltr'><strong>Item</strong></span> <span class='ocrx_word' id='word_1_69' title='bbox 589 1297 733 1340; x_wconf 86' lang='lat' dir='ltr'>versus</span> <span class='ocrx_word' id='word_1_70' title='bbox 754 1276 868 1340; x_wconf 88' lang='lat' dir='ltr'>Petri</span> <span class='ocrx_word' id='word_1_71' title='bbox 889 1279 1162 1360; x_wconf 81' lang='lat' dir='ltr'>grammatici.</span> 
     </span>
    </p>
   </div>
   <div class='ocr_carea' id='block_1_4' title="bbox 188 1375 1137 1733">
    <p class='ocr_par' dir='ltr' id='par_1_4' title="bbox 298 1375 1137 1631">
     <span class='ocr_line' id='line_1_11' title="bbox 298 1375 1135 1462; baseline 0.001 -20"><span class='ocrx_word' id='word_1_72' title='bbox 298 1377 365 1442; x_wconf 86' lang='lat' dir='ltr'>Nos</span> <span class='ocrx_word' id='word_1_73' title='bbox 385 1375 530 1446; x_wconf 85' lang='lat' dir='ltr'>dicamus</span> <span class='ocrx_word' id='word_1_74' title='bbox 553 1375 678 1442; x_wconf 81' lang='lat' dir='ltr'>Christo</span> <span class='ocrx_word' id='word_1_75' title='bbox 699 1376 827 1443; x_wconf 91' lang='lat' dir='ltr'>laudem</span> <span class='ocrx_word' id='word_1_76' title='bbox 849 1377 1009 1443; x_wconf 76' lang='lat' dir='ltr'>(ianitoris</span> <span class='ocrx_word' id='word_1_77' title='bbox 1031 1381 1135 1462; x_wconf 89' lang='lat' dir='ltr'>unico,</span> 
     </span>
     <span class='ocr_line' id='line_1_12' title="bbox 340 1459 1137 1549; baseline 0.005 -26"><span class='ocrx_word' id='word_1_78' title='bbox 340 1459 451 1523; x_wconf 91' lang='lat' dir='ltr'>mundi</span> <span class='ocrx_word' id='word_1_79' title='bbox 471 1459 588 1546; x_wconf 86' lang='lat' dir='ltr'>legitur</span> <span class='ocrx_word' id='word_1_80' title='bbox 608 1459 760 1525; x_wconf 89' lang='lat' dir='ltr'>librorum</span> <span class='ocrx_word' id='word_1_81' title='bbox 804 1463 839 1524; x_wconf 90' lang='lat' dir='ltr'>ui</span> <span class='ocrx_word' id='word_1_82' title='bbox 861 1472 984 1528; x_wconf 89' lang='lat' dir='ltr'>creator</span> <span class='ocrx_word' id='word_1_83' title='bbox 1004 1465 1137 1549; x_wconf 80' lang='lat' dir='ltr'>paginis,</span> 
     </span>
     <span class='ocr_line' id='line_1_13' title="bbox 341 1485 1107 1631; baseline 0.007 -23"><span class='ocrx_word' id='word_1_84' title='bbox 341 1545 430 1608; x_wconf 90' lang='lat' dir='ltr'>cuius</span> <span class='ocrx_word' id='word_1_85' title='bbox 452 1543 514 1608; x_wconf 87' lang='lat' dir='ltr'>fine</span> <span class='ocrx_word' id='word_1_86' title='bbox 536 1543 674 1609; x_wconf 89' lang='lat' dir='ltr'>clemens</span> <span class='ocrx_word' id='word_1_87' title='bbox 695 1485 936 1610; x_wconf 72' lang='lat' dir='ltr'>venitqliberare</span> <span class='ocrx_word' id='word_1_88' title='bbox 958 1547 1107 1631; x_wconf 84' lang='lat' dir='ltr'>perditos.</span> 
     </span>
    </p>

    <p class='ocr_par' dir='ltr' id='par_1_5' title="bbox 188 1643 1064 1733">
     <span class='ocr_line' id='line_1_14' title="bbox 188 1643 1064 1733; baseline 0 -21"><span class='ocrx_word' id='word_1_89' title='bbox 188 1721 191 1728; x_wconf 25' lang='lat'>⁸</span> <span class='ocrx_word' id='word_1_90' title='bbox 299 1648 384 1712; x_wconf 88' lang='lat' dir='ltr'>Ante</span> <span class='ocrx_word' id='word_1_91' title='bbox 407 1643 513 1710; x_wconf 88' lang='lat' dir='ltr'>secula</span> <span class='ocrx_word' id='word_1_92' title='bbox 536 1647 590 1732; x_wconf 92' lang='lat' dir='ltr'>qui</span> <span class='ocrx_word' id='word_1_93' title='bbox 611 1657 704 1712; x_wconf 81' lang='lat' dir='ltr'>natus</span> <span class='ocrx_word' id='word_1_94' title='bbox 726 1657 858 1733; x_wconf 86' lang='lat' dir='ltr'>paterna</span> <span class='ocrx_word' id='word_1_95' title='bbox 879 1648 1064 1730; x_wconf 86' lang='lat' dir='ltr'>substantia,</span> 
     </span>
    </p>
   </div>
   <div class='ocr_carea' id='block_1_5' title="bbox 340 1729 1218 1898">
    <p class='ocr_par' dir='ltr' id='par_1_6' title="bbox 340 1729 1218 1898">
     <span class='ocr_line' id='line_1_15' title="bbox 340 1729 1218 1817; baseline 0.005 -23"><span class='ocrx_word' id='word_1_96' title='bbox 340 1739 376 1794; x_wconf 91' lang='lat' dir='ltr'>ut</span> <span class='ocrx_word' id='word_1_97' title='bbox 397 1729 532 1794; x_wconf 89' lang='lat' dir='ltr'>salvaret</span> <span class='ocrx_word' id='word_1_98' title='bbox 553 1752 632 1816; x_wconf 86' lang='lat' dir='ltr'>quos</span> <span class='ocrx_word' id='word_1_99' title='bbox 654 1732 776 1796; x_wconf 87' lang='lat' dir='ltr'>creavit</span> <span class='ocrx_word' id='word_1_100' title='bbox 797 1753 924 1796; x_wconf 87' lang='lat' dir='ltr'>carnem</span> <span class='ocrx_word' id='word_1_101' title='bbox 944 1741 1085 1796; x_wconf 80' lang='lat' dir='ltr'>nostram</span> <span class='ocrx_word' id='word_1_102' title='bbox 1106 1732 1218 1817; x_wconf 86' lang='lat' dir='ltr'>induit,</span> 
     </span>
     <span class='ocr_line' id='line_1_16' title="bbox 342 1814 1093 1898; baseline 0.001 -19"><span class='ocrx_word' id='word_1_103' title='bbox 342 1824 373 1879; x_wconf 85' lang='lat' dir='ltr'>et</span> <span class='ocrx_word' id='word_1_104' title='bbox 393 1814 566 1878; x_wconf 84' lang='lat' dir='ltr'>innumeris</span> <span class='ocrx_word' id='word_1_105' title='bbox 588 1814 726 1880; x_wconf 84' lang='lat' dir='ltr'>ostendit</span> <span class='ocrx_word' id='word_1_106' title='bbox 745 1815 896 1880; x_wconf 88' lang='lat' dir='ltr'>virtutem</span> <span class='ocrx_word' id='word_1_107' title='bbox 918 1815 1093 1898; x_wconf 81' lang='lat' dir='ltr'>miraculis3</span> 
     </span>
    </p>
   </div>
   <div class='ocr_carea' id='block_1_6' title="bbox 299 1914 1159 2171">
    <p class='ocr_par' dir='ltr' id='par_1_7' title="bbox 299 1914 1159 2171">
     <span class='ocr_line' id='line_1_17' title="bbox 299 1914 1021 2002; baseline 0.004 -22"><span class='ocrx_word' id='word_1_108' title='bbox 299 1915 399 2001; x_wconf 87' lang='lat' dir='ltr'>Rupit</span> <span class='ocrx_word' id='word_1_109' title='bbox 418 1924 545 1998; x_wconf 83' lang='lat' dir='ltr'>tartara,</span> <span class='ocrx_word' id='word_1_110' title='bbox 568 1914 688 1981; x_wconf 82' lang='lat' dir='ltr'>calcato</span> <span class='ocrx_word' id='word_1_111' title='bbox 710 1918 855 1982; x_wconf 89' lang='lat' dir='ltr'>draconis</span> <span class='ocrx_word' id='word_1_112' title='bbox 876 1918 1021 2002; x_wconf 83' lang='lat' dir='ltr'>imperia,</span> 
     </span>
     <span class='ocr_line' id='line_1_18' title="bbox 340 1999 1159 2086; baseline 0.004 -24"><span class='ocrx_word' id='word_1_113' title='bbox 340 2001 430 2064; x_wconf 89' lang='lat' dir='ltr'>ouius</span> <span class='ocrx_word' id='word_1_114' title='bbox 451 2022 536 2064; x_wconf 87' lang='lat' dir='ltr'>mors</span> <span class='ocrx_word' id='word_1_115' title='bbox 556 2009 712 2064; x_wconf 89' lang='lat' dir='ltr'>terrarum</span> <span class='ocrx_word' id='word_1_116' title='bbox 734 1999 843 2064; x_wconf 88' lang='lat' dir='ltr'>orbem</span> <span class='ocrx_word' id='word_1_117' title='bbox 864 2001 1010 2067; x_wconf 86' lang='lat' dir='ltr'>vastabat</span> <span class='ocrx_word' id='word_1_118' title='bbox 1030 2001 1159 2086; x_wconf 87' lang='lat' dir='ltr'>invidia,</span> 
     </span>
     <span class='ocr_line' id='line_1_19' title="bbox 339 2083 1094 2171; baseline 0.003 -23"><span class='ocrx_word' id='word_1_119' title='bbox 339 2084 462 2148; x_wconf 83' lang='lat' dir='ltr'>vinctos</span> <span class='ocrx_word' id='word_1_120' title='bbox 484 2083 539 2147; x_wconf 90' lang='lat' dir='ltr'>diu</span> <span class='ocrx_word' id='word_1_121' title='bbox 560 2083 712 2168; x_wconf 86' lang='lat' dir='ltr'>paradysi</span> <span class='ocrx_word' id='word_1_122' title='bbox 732 2084 883 2170; x_wconf 85' lang='lat' dir='ltr'>perduxit</span> <span class='ocrx_word' id='word_1_123' title='bbox 903 2085 945 2149; x_wconf 90' lang='lat' dir='ltr'>ad</span> <span class='ocrx_word' id='word_1_124' title='bbox 966 2086 1094 2171; x_wconf 87' lang='lat' dir='ltr'>gaudia.</span> 
     </span>
    </p>
   </div>
   <div class='ocr_carea' id='block_1_7' title="bbox 300 2183 1227 2440">
    <p class='ocr_par' dir='ltr' id='par_1_8' title="bbox 300 2183 1227 2440">
     <span class='ocr_line' id='line_1_20' title="bbox 300 2183 1185 2274; baseline 0.003 -26"><span class='ocrx_word' id='word_1_125' title='bbox 300 2185 363 2265; x_wconf 76' lang='lat' dir='ltr'>Qui</span> <span class='ocrx_word' id='word_1_126' title='bbox 384 2193 425 2266; x_wconf 89' lang='lat' dir='ltr'>te,</span> <span class='ocrx_word' id='word_1_127' title='bbox 445 2183 554 2266; x_wconf 87' lang='lat' dir='ltr'>Paule,</span> <span class='ocrx_word' id='word_1_128' title='bbox 576 2194 741 2270; x_wconf 86' lang='lat' dir='ltr'>poetarum</span> <span class='ocrx_word' id='word_1_129' title='bbox 763 2197 935 2274; x_wconf 89' lang='lat' dir='ltr'>vatumque</span> <span class='ocrx_word' id='word_1_130' title='bbox 957 2188 1185 2272; x_wconf 78' lang='lat' dir='ltr'>doctissimum,</span> 
     </span>
     <span class='ocr_line' id='line_1_21' title="bbox 339 2267 1227 2356; baseline 0.005 -24"><span class='ocrx_word' id='word_1_131' title='bbox 339 2267 457 2353; x_wconf 89' lang='lat' dir='ltr'>linguis</span> <span class='ocrx_word' id='word_1_132' title='bbox 478 2269 574 2333; x_wconf 87' lang='lat' dir='ltr'>variis</span> <span class='ocrx_word' id='word_1_133' title='bbox 595 2269 636 2334; x_wconf 87' lang='lat' dir='ltr'>ad</span> <span class='ocrx_word' id='word_1_134' title='bbox 656 2280 796 2334; x_wconf 83' lang='lat' dir='ltr'>nostram</span> <span class='ocrx_word' id='word_1_135' title='bbox 816 2269 1009 2356; x_wconf 88' lang='lat' dir='ltr'>lampantem</span> <span class='ocrx_word' id='word_1_136' title='bbox 1053 2273 1227 2337; x_wconf 87' lang='lat' dir='ltr'>rovinciam</span> 
     </span>
     <span class='ocr_line' id='line_1_22' title="bbox 338 2294 1106 2440; baseline 0.007 -24"><span class='ocrx_word' id='word_1_137' title='bbox 338 2353 433 2436; x_wconf 82' lang='lat' dir='ltr'>misit,</span> <span class='ocrx_word' id='word_1_138' title='bbox 455 2361 491 2416; x_wconf 90' lang='lat' dir='ltr'>ut</span> <span class='ocrx_word' id='word_1_139' title='bbox 510 2353 627 2418; x_wconf 88' lang='lat' dir='ltr'>inertes</span> <span class='ocrx_word' id='word_1_140' title='bbox 649 2357 731 2440; x_wconf 86' lang='lat' dir='ltr'>aptis</span> <span class='ocrx_word' id='word_1_141' title='bbox 752 2353 902 2420; x_wconf 87' lang='lat' dir='ltr'>fecundes</span> <span class='ocrx_word' id='word_1_142' title='bbox 923 2294 1106 2422; x_wconf 75' lang='lat' dir='ltr'>seminibus.</span> 
     </span>
    </p>
   </div>
   <div class='ocr_carea' id='block_1_8' title="bbox 298 2453 1182 2712">
    <p class='ocr_par' dir='ltr' id='par_1_9' title="bbox 298 2453 1182 2712">
     <span class='ocr_line' id='line_1_23' title="bbox 298 2453 1158 2543; baseline 0.005 -24"><span class='ocrx_word' id='word_1_143' title='bbox 298 2453 402 2519; x_wconf 81' lang='lat' dir='ltr'>Greca</span> <span class='ocrx_word' id='word_1_144' title='bbox 424 2455 561 2519; x_wconf 88' lang='lat' dir='ltr'>cerneris</span> <span class='ocrx_word' id='word_1_145' title='bbox 582 2453 751 2536; x_wconf 86' lang='lat' dir='ltr'>Homerus,</span> <span class='ocrx_word' id='word_1_146' title='bbox 774 2457 889 2522; x_wconf 87' lang='lat' dir='ltr'>Latina</span> <span class='ocrx_word' id='word_1_147' title='bbox 909 2456 1071 2543; x_wconf 85' lang='lat' dir='ltr'>Virgilius,</span> <span class='ocrx_word' id='word_1_148' title='bbox 1157 2470 1158 2474; x_wconf 78' lang='grc'>’</span> 
     </span>
     <span class='ocr_line' id='line_1_24' title="bbox 339 2537 1182 2626; baseline 0.008 -26"><span class='ocrx_word' id='word_1_149' title='bbox 339 2539 373 2600; x_wconf 94' lang='lat' dir='ltr'>in</span> <span class='ocrx_word' id='word_1_150' title='bbox 393 2537 522 2603; x_wconf 91' lang='lat' dir='ltr'>Hebrea</span> <span class='ocrx_word' id='word_1_151' title='bbox 565 2561 671 2624; x_wconf 89' lang='lat' dir='ltr'>uoque</span> <span class='ocrx_word' id='word_1_152' title='bbox 691 2539 793 2623; x_wconf 91' lang='lat' dir='ltr'>Philo,</span> <span class='ocrx_word' id='word_1_153' title='bbox 816 2540 976 2606; x_wconf 82' lang='lat' dir='ltr'>Tertullus</span> <span class='ocrx_word' id='word_1_154' title='bbox 997 2543 1030 2605; x_wconf 92' lang='lat' dir='ltr'>in</span> <span class='ocrx_word' id='word_1_155' title='bbox 1052 2540 1182 2626; x_wconf 66' lang='lat' dir='ltr'>artibus</span> 
     </span>
     <span class='ocr_line' id='line_1_25' title="bbox 338 2560 1151 2712; baseline 0.007 -27"><span class='ocrx_word' id='word_1_156' title='bbox 338 2619 473 2686; x_wconf 77' lang='lat' dir='ltr'>Flaccus</span> <span class='ocrx_word' id='word_1_157' title='bbox 495 2560 631 2686; x_wconf 64' lang='lat' dir='ltr'>crederis</span> <span class='ocrx_word' id='word_1_158' title='bbox 653 2625 687 2688; x_wconf 93' lang='lat' dir='ltr'>in</span> <span class='ocrx_word' id='word_1_159' title='bbox 708 2626 825 2706; x_wconf 82' lang='lat' dir='ltr'>metris,</span> <span class='ocrx_word' id='word_1_160' title='bbox 848 2623 993 2689; x_wconf 87' lang='lat' dir='ltr'>Tibullus</span> <span class='ocrx_word' id='word_1_161' title='bbox 1015 2625 1151 2712; x_wconf 90' lang='lat' dir='ltr'>eloquio.</span> 
     </span>
    </p>
   </div>
   <div class='ocr_carea' id='block_1_9' title="bbox 297 2722 1135 2978">
    <p class='ocr_par' dir='ltr' id='par_1_10' title="bbox 297 2722 1135 2978">
     <span class='ocr_line' id='line_1_26' title="bbox 297 2722 1098 2810; baseline 0.007 -25"><span class='ocrx_word' id='word_1_162' title='bbox 297 2722 348 2786; x_wconf 85' lang='lat' dir='ltr'>Tu</span> <span class='ocrx_word' id='word_1_163' title='bbox 368 2743 426 2786; x_wconf 88' lang='lat' dir='ltr'>nos</span> <span class='ocrx_word' id='word_1_164' title='bbox 448 2733 541 2808; x_wconf 86' lang='lat' dir='ltr'>gestu</span> <span class='ocrx_word' id='word_1_165' title='bbox 563 2723 698 2789; x_wconf 87' lang='lat' dir='ltr'>docuisti</span> <span class='ocrx_word' id='word_1_166' title='bbox 720 2725 937 2810; x_wconf 87' lang='lat' dir='ltr'>exemplorum</span> <span class='ocrx_word' id='word_1_167' title='bbox 960 2726 1098 2808; x_wconf 89' lang='lat' dir='ltr'>credere,</span> 
     </span>
     <span class='ocr_line' id='line_1_27' title="bbox 339 2806 1135 2956; baseline 0.005 -87"><span class='ocrx_word' id='word_1_168' title='bbox 339 2806 425 2892; x_wconf 90' lang='lat' dir='ltr'>quod</span> <span class='ocrx_word' id='word_1_169' title='bbox 446 2809 563 2907; x_wconf 77' lang='lat' dir='ltr'>amoris</span> <span class='ocrx_word' id='word_1_170' title='bbox 584 2829 661 2956; x_wconf 58' lang='lat' dir='ltr'>agro</span> <span class='ocrx_word' id='word_1_171' title='bbox 682 2809 783 2908; x_wconf 84' lang='lat' dir='ltr'>nostri</span> <span class='ocrx_word' id='word_1_172' title='bbox 803 2807 962 2893; x_wconf 83' lang='lat' dir='ltr'>plantatus</span> <span class='ocrx_word' id='word_1_173' title='bbox 984 2810 1135 2907; x_wconf 76' lang='lat' dir='ltr'>radicitus</span> 
     </span>
     <span class='ocr_line' id='line_1_28' title="bbox 337 2891 1111 2978; baseline 0.012 -26"><span class='ocrx_word' id='word_1_174' title='bbox 337 2898 482 2974; x_wconf 85' lang='lat' dir='ltr'>teneans,</span> <span class='ocrx_word' id='word_1_175' title='bbox 504 2913 604 2956; x_wconf 89' lang='lat' dir='ltr'>neca</span> <span class='ocrx_word' id='word_1_176' title='bbox 647 2913 753 2978; x_wconf 80' lang='lat' dir='ltr'>pusca</span> <span class='ocrx_word' id='word_1_177' title='bbox 775 2913 830 2957; x_wconf 90' lang='lat' dir='ltr'>cor</span> <span class='ocrx_word' id='word_1_178' title='bbox 851 2891 949 2956; x_wconf 87' lang='lat' dir='ltr'>ducas</span> <span class='ocrx_word' id='word_1_179' title='bbox 970 2891 1111 2961; x_wconf 89' lang='lat' dir='ltr'>lat1bula.</span> 
     </span>
    </p>
   </div>
   <div class='ocr_carea' id='block_1_10' title="bbox 298 2988 1102 3247">
    <p class='ocr_par' dir='ltr' id='par_1_11' title="bbox 298 2988 1102 3247">
     <span class='ocr_line' id='line_1_29' title="bbox 298 2988 1072 3079; baseline -0.001 -21"><span class='ocrx_word' id='word_1_180' title='bbox 298 2992 380 3058; x_wconf 78' lang='lat' dir='ltr'>Cum</span> <span class='ocrx_word' id='word_1_181' title='bbox 401 2988 606 3079; x_wconf 79' lang='lat' dir='ltr'>grammatice</span> <span class='ocrx_word' id='word_1_182' title='bbox 627 2992 749 3058; x_wconf 89' lang='lat' dir='ltr'>Latinis</span> <span class='ocrx_word' id='word_1_183' title='bbox 770 2993 941 3059; x_wconf 86' lang='lat' dir='ltr'>fecundare</span> <span class='ocrx_word' id='word_1_184' title='bbox 962 2993 1072 3057; x_wconf 88' lang='lat' dir='ltr'>rivulis</span> 
     </span>
     <span class='ocr_line' id='line_1_30' title="bbox 338 3076 1101 3163; baseline 0 -23"><span class='ocrx_word' id='word_1_185' title='bbox 338 3098 402 3140; x_wconf 93' lang='lat' dir='ltr'>non</span> <span class='ocrx_word' id='word_1_186' title='bbox 424 3098 527 3142; x_wconf 89' lang='lat' dir='ltr'>cesses</span> <span class='ocrx_word' id='word_1_187' title='bbox 548 3086 641 3142; x_wconf 88' lang='lat' dir='ltr'>nocte</span> <span class='ocrx_word' id='word_1_188' title='bbox 663 3076 714 3142; x_wconf 89' lang='lat' dir='ltr'>die</span> <span class='ocrx_word' id='word_1_189' title='bbox 737 3099 778 3142; x_wconf 92' lang='lat' dir='ltr'>ue</span> <span class='ocrx_word' id='word_1_190' title='bbox 800 3078 955 3163; x_wconf 88' lang='lat' dir='ltr'>cupientis</span> <span class='ocrx_word' id='word_1_191' title='bbox 971 3080 1101 3143; x_wconf 63' lang='lat' dir='ltr'>‘viscera</span> 
     </span>
     <span class='ocr_line' id='line_1_31' title="bbox 338 3161 1102 3247; baseline 0.004 -24"><span class='ocrx_word' id='word_1_192' title='bbox 338 3161 539 3247; x_wconf 89' lang='lat' dir='ltr'>partiumque</span> <span class='ocrx_word' id='word_1_193' title='bbox 560 3162 682 3225; x_wconf 86' lang='lat' dir='ltr'>ratione</span> <span class='ocrx_word' id='word_1_194' title='bbox 735 3183 881 3226; x_wconf 88' lang='lat' dir='ltr'>reoorum</span> <span class='ocrx_word' id='word_1_195' title='bbox 903 3164 961 3227; x_wconf 91' lang='lat' dir='ltr'>sub</span> <span class='ocrx_word' id='word_1_196' title='bbox 984 3161 1102 3228; x_wconf 86' lang='lat' dir='ltr'>studio:</span> 
     </span>
    </p>
   </div>
   <div class='ocr_carea' id='block_1_11' title="bbox 296 3261 1273 3516">
    <p class='ocr_par' dir='ltr' id='par_1_12' title="bbox 296 3261 1273 3516">
     <span class='ocr_line' id='line_1_32' title="bbox 296 3261 1102 3343; baseline 0.005 -17"><span class='ocrx_word' id='word_1_197' title='bbox 296 3261 387 3327; x_wconf 89' lang='lat' dir='ltr'>Haec</span> <span class='ocrx_word' id='word_1_198' title='bbox 408 3285 465 3327; x_wconf 90' lang='lat' dir='ltr'>nos</span> <span class='ocrx_word' id='word_1_199' title='bbox 487 3263 563 3328; x_wconf 88' lang='lat' dir='ltr'>facit</span> <span class='ocrx_word' id='word_1_200' title='bbox 583 3263 738 3328; x_wconf 86' lang='lat' dir='ltr'>firmiores</span> <span class='ocrx_word' id='word_1_201' title='bbox 760 3263 905 3329; x_wconf 86' lang='lat' dir='ltr'>doctrina</span> <span class='ocrx_word' id='word_1_202' title='bbox 925 3264 1102 3343; x_wconf 90' lang='lat' dir='ltr'>laudabilis,</span> 
     </span>
     <span class='ocr_line' id='line_1_33' title="bbox 337 3347 1088 3446; baseline 0.005 -36"><span class='ocrx_word' id='word_1_203' title='bbox 337 3354 442 3411; x_wconf 87' lang='lat' dir='ltr'>vestra</span> <span class='ocrx_word' id='word_1_204' title='bbox 464 3347 504 3412; x_wconf 87' lang='lat' dir='ltr'>de</span> <span class='ocrx_word' id='word_1_205' title='bbox 525 3347 745 3434; x_wconf 89' lang='lat' dir='ltr'>permansione</span> <span class='ocrx_word' id='word_1_206' title='bbox 768 3371 832 3446; x_wconf 84' lang='lat' dir='ltr'>qua</span> <span class='ocrx_word' id='word_1_207' title='bbox 852 3348 912 3413; x_wconf 83' lang='lat' dir='ltr'>fuit</span> <span class='ocrx_word' id='word_1_208' title='bbox 933 3349 1088 3432; x_wconf 86' lang='lat' dir='ltr'>dubietas,</span> 
     </span>
     <span class='ocr_line' id='line_1_34' title="bbox 338 3431 1273 3516; baseline 0.004 -22"><span class='ocrx_word' id='word_1_209' title='bbox 338 3431 423 3516; x_wconf 89' lang='lat' dir='ltr'>quod</span> <span class='ocrx_word' id='word_1_210' title='bbox 444 3440 475 3496; x_wconf 88' lang='lat' dir='ltr'>te</span> <span class='ocrx_word' id='word_1_211' title='bbox 496 3432 588 3496; x_wconf 87' lang='lat' dir='ltr'>restis</span> <span class='ocrx_word' id='word_1_212' title='bbox 608 3440 735 3496; x_wconf 89' lang='lat' dir='ltr'>nostrae</span> <span class='ocrx_word' id='word_1_213' title='bbox 757 3433 857 3498; x_wconf 85' lang='lat' dir='ltr'>cmxit</span> <span class='ocrx_word' id='word_1_214' title='bbox 876 3455 936 3498; x_wconf 90' lang='lat' dir='ltr'>nec</span> <span class='ocrx_word' id='word_1_215' title='bbox 958 3433 1088 3498; x_wconf 86' lang='lat' dir='ltr'>dimittit</span> <span class='ocrx_word' id='word_1_216' title='bbox 1108 3435 1273 3500; x_wconf 86' lang='lat' dir='ltr'>anchorae.</span> 
     </span>
    </p>
   </div>
   <div class='ocr_carea' id='block_1_12' title="bbox 163 3531 1311 3788">
    <p class='ocr_par' dir='ltr' id='par_1_13' title="bbox 163 3531 1311 3788">
     <span class='ocr_line' id='line_1_35' title="bbox 163 3531 1311 3680; baseline 0.003 -83"><span class='ocrx_word' id='word_1_217' title='bbox 163 3541 171 3560; x_wconf 85' lang='lat'>&#39;</span> <span class='ocrx_word' id='word_1_218' title='bbox 195 3571 200 3582; x_wconf 90' lang='lat'>·</span> <span class='ocrx_word' id='word_1_219' title='bbox 238 3568 244 3582; x_wconf 92' lang='lat'><strong>·</strong></span> <span class='ocrx_word' id='word_1_220' title='bbox 281 3531 467 3598; x_wconf 79' lang='lat' dir='ltr'>*Credimus</span> <span class='ocrx_word' id='word_1_221' title='bbox 478 3541 561 3680; x_wconf 68' lang='lat' dir='ltr'>post</span> <span class='ocrx_word' id='word_1_222' title='bbox 583 3532 729 3617; x_wconf 79' lang='lat' dir='ltr'>Grecam,</span> <span class='ocrx_word' id='word_1_223' title='bbox 751 3533 858 3598; x_wconf 88' lang='lat' dir='ltr'>multis</span> <span class='ocrx_word' id='word_1_224' title='bbox 881 3557 977 3621; x_wconf 89' lang='lat' dir='ltr'>quam</span> <span class='ocrx_word' id='word_1_225' title='bbox 1000 3536 1150 3618; x_wconf 80' lang='lat' dir='ltr'>ostendis,</span> <span class='ocrx_word' id='word_1_226' title='bbox 1170 3536 1311 3623; x_wconf 88' lang='lat' dir='ltr'>regulam</span> 
     </span>
     <span class='ocr_line' id='line_1_36' title="bbox 338 3617 1147 3703; baseline 0.004 -23"><span class='ocrx_word' id='word_1_227' title='bbox 338 3617 455 3680; x_wconf 89' lang='lat' dir='ltr'>teiam</span> <span class='ocrx_word' id='word_1_228' title='bbox 501 3619 577 3682; x_wconf 86' lang='lat' dir='ltr'>octis</span> <span class='ocrx_word' id='word_1_229' title='bbox 600 3619 788 3683; x_wconf 87' lang='lat' dir='ltr'>traditurum</span> <span class='ocrx_word' id='word_1_230' title='bbox 809 3618 1011 3685; x_wconf 89' lang='lat' dir='ltr'>Hebreorum</span> <span class='ocrx_word' id='word_1_231' title='bbox 1034 3619 1147 3703; x_wconf 90' lang='lat' dir='ltr'>studia,</span> 
     </span>
     <span class='ocr_line' id='line_1_37' title="bbox 339 3699 1104 3788; baseline 0.007 -25"><span class='ocrx_word' id='word_1_232' title='bbox 339 3700 454 3786; x_wconf 90' lang='lat' dir='ltr'>quibus</span> <span class='ocrx_word' id='word_1_233' title='bbox 475 3699 527 3766; x_wconf 92' lang='lat' dir='ltr'>ille</span> <span class='ocrx_word' id='word_1_234' title='bbox 551 3700 728 3767; x_wconf 80' lang='lat' dir='ltr'>Gamalihel</span> <span class='ocrx_word' id='word_1_235' title='bbox 749 3702 860 3766; x_wconf 89' lang='lat' dir='ltr'>doctor</span> <span class='ocrx_word' id='word_1_236' title='bbox 880 3702 960 3788; x_wconf 88' lang='lat' dir='ltr'>legis</span> <span class='ocrx_word' id='word_1_237' title='bbox 983 3703 1104 3769; x_wconf 88' lang='lat' dir='ltr'>claruit.</span> 
     </span>
    </p>
   </div>
   <div class='ocr_carea' id='block_1_13' title="bbox 255 3800 1326 4056">
    <p class='ocr_par' dir='ltr' id='par_1_14' title="bbox 255 3800 1326 4056">
     <span class='ocr_line' id='line_1_38' title="bbox 295 3800 1115 3890; baseline 0.005 -26"><span class='ocrx_word' id='word_1_238' title='bbox 295 3800 428 3888; x_wconf 90' lang='lat' dir='ltr'>Magnas</span> <span class='ocrx_word' id='word_1_239' title='bbox 449 3803 507 3866; x_wconf 92' lang='lat' dir='ltr'>tibi</span> <span class='ocrx_word' id='word_1_240' title='bbox 529 3824 586 3867; x_wconf 88' lang='lat' dir='ltr'>nos</span> <span class='ocrx_word' id='word_1_241' title='bbox 608 3825 750 3888; x_wconf 84' lang='lat' dir='ltr'>agamus,</span> <span class='ocrx_word' id='word_1_242' title='bbox 772 3804 962 3888; x_wconf 85' lang='lat' dir='ltr'>venerande,</span> <span class='ocrx_word' id='word_1_243' title='bbox 987 3805 1115 3890; x_wconf 66' lang='lat' dir='ltr'>gratias</span> 
     </span>
     <span class='ocr_line' id='line_1_39' title="bbox 339 3885 1127 3972; baseline 0.004 -22"><span class='ocrx_word' id='word_1_244' title='bbox 339 3887 393 3971; x_wconf 91' lang='lat' dir='ltr'>qui</span> <span class='ocrx_word' id='word_1_245' title='bbox 415 3887 506 3972; x_wconf 87' lang='lat' dir='ltr'>cupis</span> <span class='ocrx_word' id='word_1_246' title='bbox 529 3885 634 3952; x_wconf 84' lang='lat' dir='ltr'>Greco</span> <span class='ocrx_word' id='word_1_247' title='bbox 657 3896 823 3972; x_wconf 87' lang='lat' dir='ltr'>susceptos</span> <span class='ocrx_word' id='word_1_248' title='bbox 845 3887 970 3953; x_wconf 90' lang='lat' dir='ltr'>erudire</span> <span class='ocrx_word' id='word_1_249' title='bbox 991 3890 1127 3953; x_wconf 87' lang='lat' dir='ltr'>tramite.</span> 
     </span>
     <span class='ocr_line' id='line_1_40' title="bbox 255 3969 1326 4056; baseline 0 -23"><span class='ocrx_word' id='word_1_250' title='bbox 255 3984 257 3990; x_wconf 76' lang='grc'>’</span> <span class='ocrx_word' id='word_1_251' title='bbox 339 3992 433 4056; x_wconf 90' lang='lat' dir='ltr'>quam</span> <span class='ocrx_word' id='word_1_252' title='bbox 454 3991 518 4034; x_wconf 92' lang='lat' dir='ltr'>non</span> <span class='ocrx_word' id='word_1_253' title='bbox 540 3980 612 4036; x_wconf 90' lang='lat' dir='ltr'>ante</span> <span class='ocrx_word' id='word_1_254' title='bbox 634 3969 852 4056; x_wconf 83' lang='lat' dir='ltr'>sperabamus,</span> <span class='ocrx_word' id='word_1_255' title='bbox 873 3993 958 4035; x_wconf 89' lang='lat' dir='ltr'>nunc</span> <span class='ocrx_word' id='word_1_256' title='bbox 980 3973 1116 4036; x_wconf 87' lang='lat' dir='ltr'>surrexit</span> <span class='ocrx_word' id='word_1_257' title='bbox 1137 3970 1246 4056; x_wconf 90' lang='lat' dir='ltr'>gloria.</span> <span class='ocrx_word' id='word_1_258' title='bbox 1324 4013 1326 4018; x_wconf 91' lang='lat'>-</span> 
     </span>
    </p>
   </div>
   <div class='ocr_carea' id='block_1_14' title="bbox 294 4071 1184 4326">
    <p class='ocr_par' dir='ltr' id='par_1_15' title="bbox 294 4071 1184 4326">
     <span class='ocr_line' id='line_1_41' title="bbox 294 4071 1184 4158; baseline 0 -24"><span class='ocrx_word' id='word_1_259' title='bbox 294 4071 393 4136; x_wconf 89' lang='lat' dir='ltr'>Haud</span> <span class='ocrx_word' id='word_1_260' title='bbox 414 4081 445 4134; x_wconf 88' lang='lat' dir='ltr'>te</span> <span class='ocrx_word' id='word_1_261' title='bbox 466 4071 552 4154; x_wconf 89' lang='lat' dir='ltr'>latet,</span> <span class='ocrx_word' id='word_1_262' title='bbox 575 4074 661 4158; x_wconf 91' lang='lat' dir='ltr'>quod</span> <span class='ocrx_word' id='word_1_263' title='bbox 681 4073 810 4138; x_wconf 90' lang='lat' dir='ltr'>iubente</span> <span class='ocrx_word' id='word_1_264' title='bbox 833 4072 959 4138; x_wconf 77' lang='lat' dir='ltr'>Christo</span> <span class='ocrx_word' id='word_1_265' title='bbox 980 4084 1089 4138; x_wconf 89' lang='lat' dir='ltr'>nostra</span> <span class='ocrx_word' id='word_1_266' title='bbox 1110 4072 1184 4154; x_wconf 89' lang='lat' dir='ltr'>filia,</span> 
     </span>
     <span class='ocr_line' id='line_1_42' title="bbox 336 4154 1065 4242; baseline 0.001 -24"><span class='ocrx_word' id='word_1_267' title='bbox 336 4154 492 4220; x_wconf 88' lang='lat' dir='ltr'>Michaele</span> <span class='ocrx_word' id='word_1_268' title='bbox 514 4160 693 4238; x_wconf 88' lang='lat' dir='ltr'>comitante,</span> <span class='ocrx_word' id='word_1_269' title='bbox 716 4155 824 4221; x_wconf 88' lang='lat' dir='ltr'>sollers</span> <span class='ocrx_word' id='word_1_270' title='bbox 845 4157 942 4220; x_wconf 90' lang='lat' dir='ltr'>maris</span> <span class='ocrx_word' id='word_1_271' title='bbox 963 4157 1065 4242; x_wconf 86' lang='lat' dir='ltr'>spatia</span> 
     </span>
     <span class='ocr_line' id='line_1_43' title="bbox 337 4239 1164 4326; baseline -0.001 -24"><span class='ocrx_word' id='word_1_272' title='bbox 337 4239 379 4302; x_wconf 87' lang='lat' dir='ltr'>ad</span> <span class='ocrx_word' id='word_1_273' title='bbox 399 4239 537 4304; x_wconf 87' lang='lat' dir='ltr'>tenenda</span> <span class='ocrx_word' id='word_1_274' title='bbox 558 4248 684 4326; x_wconf 84' lang='lat' dir='ltr'>sceptra</span> <span class='ocrx_word' id='word_1_275' title='bbox 704 4241 793 4324; x_wconf 85' lang='lat' dir='ltr'>regni</span> <span class='ocrx_word' id='word_1_276' title='bbox 814 4240 984 4304; x_wconf 83' lang='lat' dir='ltr'>transitura</span> <span class='ocrx_word' id='word_1_277' title='bbox 1005 4247 1164 4326; x_wconf 90' lang='lat' dir='ltr'>properat.</span> 
     </span>
    </p>
   </div>
   <div class='ocr_carea' id='block_1_15' title="bbox 257 4362 1365 4433">
    <p class='ocr_par' dir='ltr' id='par_1_16' title="bbox 257 4362 1365 4433">
     <span class='ocr_line' id='line_1_44' title="bbox 257 4362 1365 4433; baseline 0.006 -21"><span class='ocrx_word' id='word_1_278' title='bbox 257 4362 284 4430; x_wconf 83' lang='lat'>1)</span> <span class='ocrx_word' id='word_1_279' title='bbox 303 4363 347 4416; x_wconf 80' lang='lat' dir='ltr'>Ex</span> <span class='ocrx_word' id='word_1_280' title='bbox 366 4365 422 4416; x_wconf 81' lang='lat' dir='ltr'>cod.</span> <span class='ocrx_word' id='word_1_281' title='bbox 442 4364 531 4418; x_wconf 79' lang='lat' dir='ltr'>Paria.</span> <span class='ocrx_word' id='word_1_282' title='bbox 552 4364 601 4418; x_wconf 83' lang='lat' dir='ltr'>Nr.</span> <span class='ocrx_word' id='word_1_283' title='bbox 623 4365 685 4417; x_wconf 79' lang='lat'><strong>328.</strong></span> <span class='ocrx_word' id='word_1_284' title='bbox 705 4364 810 4431; x_wconf 85' lang='lat' dir='ltr'>Lebeuf</span> <span class='ocrx_word' id='word_1_285' title='bbox 824 4366 914 4430; x_wconf 78' lang='lat' dir='ltr'>edidit,</span> <span class='ocrx_word' id='word_1_286' title='bbox 933 4367 1083 4418; x_wconf 79' lang='lat' dir='ltr'>Bettmunn</span> <span class='ocrx_word' id='word_1_287' title='bbox 1101 4367 1194 4419; x_wconf 81' lang='lat' dir='ltr'>iterum</span> <span class='ocrx_word' id='word_1_288' title='bbox 1214 4365 1365 4433; x_wconf 80' lang='lat' dir='ltr'>descripsit.</span> 
     </span>
    </p>
   </div>
   <div class='ocr_carea' id='block_1_16' title="bbox 1519 1235 1520 2848">
    <p class='ocr_par' dir='ltr' id='par_1_17' title="bbox 1519 1235 1520 2848">
     <span class='ocr_line' id='line_1_45' title="bbox 1519 1235 1520 2848; baseline 0 0"><span class='ocrx_word' id='word_1_289' title='bbox 1519 1235 1520 2848; x_wconf 95' lang='lat' dir='ltr'> </span> 
     </span>
    </p>
   </div>
   <div class='ocr_carea' id='block_1_17' title="bbox 0 0 1524 5014">
    <p class='ocr_par' dir='ltr' id='par_1_18' title="bbox 0 0 1524 5014">
     <span class='ocr_line' id='line_1_46' title="bbox 0 0 1524 5014; baseline 0 0"><span class='ocrx_word' id='word_1_290' title='bbox 0 0 1524 5014; x_wconf 95' lang='lat' dir='ltr'> </span> 
     </span>
    </p>
   </div>
  </div>
 </body>
</html>
