3076 5004
247 334 260 362 Ι

291 405 341 453 112
435 402 545 454 PAULI
565 400 736 454 HISTORIA
756 396 1091 450 LANGOBARDORUM.
1130 396 1200 448 LIB.
1220 396 1274 446 III.

189 593 228 648 ‘a
247 597 282 638 ⁹⁸-
345 571 555 649 *INCIPIT
580 569 859 648 HISTORIAE
886 565 1353 644 LANGOBARDORUM

228 785 279 828 674.

640 671 793 747 LIBER
818 669 1047 748 TERTIUS.

374 775 402 837 1.
444 772 566 858 Igitur¹
597 770 639 835 ali
662 771 752 835 uanti
782 791 824 833 ex
851 769 987 834 ducibus
1014 766 1299 853 Langobardorum
1329 787 1405 830 cum

288 855 394 922 valido
417 856 558 922 exercitu
580 794 700 920 Galles
720 858 751 918 in
777 852 950 918 rediuntur.
993 852 1139 918 Horum²
1161 849 1334 915 adventum
1355 851 1408 914 vir

287 942 350 1008 Dei
365 941 543 1028 Hospitius,
559 941 614 1025 qui
629 949 708 1026 aput
714 941 741 981 ⁸*
754 874 906 1002 iliceam³
922 945 989 1002 erat
1003 934 1164 1000 inclausus
1171 946 1193 1018 ⁸,
1216 943 1325 998 sancto
1340 933 1405 998 sibi

286 1025 446 1091 revelante
474 1024 605 1110 Spiritu,
637 1022 731 1108 longe
763 1032 836 1087 ante
867 1019 1025 1107 praevidit
1056 1019 1282 1105 eiusdemqueb
1315 1017 1406 1083 urbis

289 1109 422 1193 civibus,
451 1129 533 1196 quae
561 1105 645 1171 mala
671 1107 870 1188 inminment,
899 1104 1089 1192 praedixiti.
1135 1103 1216 1168 Erat
1243 1102 1327 1166 enim
1355 1102 1407 1166 vir

288 1195 348 1258 iste
369 1215 504 1279 magnae
526 1190 736 1270 abstinentiae
758 1201 790 1256 et
811 1188 986 1276 probabilis
1007 1190 1103 1273 vitae3
1132 1189 1188 1274 qui
1216 1185 1405 1252 constrictus

289 1278 349 1342 ad⁶
371 1299 500 1342 carnem
515 1275 657 1341 cathenis
678 1275 798 1356 ferreis,
819 1273 930 1339 induto
946 1275 1084 1360 desuper
1099 1274 1211 1356 cilicio,
1234 1273 1300 1338 solo
1321 1292 1404 1360 pane

289 1364 323 1426 in
352 1361 423 1426 cibo
451 1382 524 1424 cum
550 1360 661 1445 paucis
688 1357 843 1424 dactulisd
865 1359 1024 1423 utebatur.
1067 1359 1105 1422 In
1134 1357 1248 1423 diebus
1276 1367 1405 1422 autem⁶

238 1443 246 1462 ¹
291 1445 553 1533 quadragesimae
568 1443 728 1508 radicibus
743 1441 915 1508 herbarum
926 1442 1169 1528 Aegyptiarum,
1185 1439 1301 1528 quibus
1316 1440 1405 1506 here-

289 1531 385 1594 mitae
407 1538 547 1608 utuntur,
570 1527 771 1592 erdbentibus
793 1527 855 1592 sibi
872 1525 1132 1611 negotiatoribus,
1154 1525 1307 1592 alebatur.
1343 1526 1408 1590 Per

291 1613 376 1678 hunc
402 1613 562 1677 Dominus
588 1633 721 1710 magnas
748 1611 879 1675 virtutes
906 1611 1032 1698 operari
1058 1609 1208 1696 dignatus
1236 1621 1293 1692 est,
1323 1632 1406 1696 quae

293 1697 430 1783 scriptae
459 1696 615 1762 habentur
642 1719 676 1758 1n
704 1693 794 1760 libris
823 1693 1014 1760 venerabilis
1040 1695 1103 1759 viri
1130 1693 1279 1780 Gregorii
1305 1695 1406 1759 Turo-

290 1781 416 1846 nensisf
442 1782 553 1867 episco.
574 1781 595 1843 i.
637 1780 740 1865 Igitur
766 1779 814 1844 vir
842 1779 901 1843 iste
930 1785 1057 1843 sanctus
1083 1778 1255 1844 adventum
1281 1777 1408 1878 Lango-

291 1864 462 1930 bardorum
490 1866 523 1928 in
545 1803 664 1928 daiiias
686 1863 746 1928 hoc
769 1863 863 1927 modo
891 1862 1066 1948 praedixit:
1095 1863 1260 1946 ‘Venient’,
1282 1862 1405 1950 inquid,

292 1947 505 2035 ‘Langobardi
532 1949 566 2011 in
592 1946 712 2012 Gallias
741 1957 773 2012 et
799 1946 1011 2012 devastabunt
1037 1949 1179 2012 divitates
1208 1957 1340 2047 septem,
1368 1968 1406 2011 eo

292 2033 378 2119 quod
406 2033 576 2098 increverit
604 2030 724 2096 malitia
754 2053 862 2096 eorum
892 2032 926 2094 in
955 2041 1126 2118 conspectu
1155 2031 1297 2096 Dommi.
1348 2030 1408 2098 Est

292 2119 376 2182 enirn
403 2118 504 2181 omnis
537 2137 579 2202 po
602 2114 673 2179 ulus
701 2116 847 2201 periuriis
869 2114 1011 2198 deditus,
1040 2115 1132 2180 furtis
1155 2117 1329 2196 obnoxius,
1358 2137 1407 2180 ra-

292 2202 374 2301 pinis
402 2203 556 2282 inientus‚
580 2137 766 2264 lrcmicidiis
794 2221 888 2286 prum
912 2209 962 2264 tus
975 2211 1002 2283 (ς
1034 2201 1068 2263 in
1101 2197 1215 2287 quibus
1244 2201 1330 2264 nonh
1359 2208 1408 2264 est

291 2286 430 2351 rustitiae
457 2285 594 2349 fructus:
626 2305 690 2347 non
719 2283 860 2348 decimae
887 2222 1017 2366 dantur,
1055 2307 1120 2349 non
1144 2306 1269 2370 pauper
1294 2283 1390 2349 alitur
1397 2331 1406 2366 ,

291 2391 355 2434 non
377 2380 407 2434 ie
431 2371 494 2433 itur
515 2369 630 2451 nudus,
651 2390 716 2433 non
734 2368 907 2454 suscipitur
927 2368 984 2432 hos
1008 2369 1065 2434 itio
1087 2371 1286 2468 peregrinus.
1329 2367 1407 2433 Ideo

291 2453 370 2519 haec
399 2393 515 2540 daga*
544 2461 678 2517 ventura
703 2463 751 2518 est
778 2474 874 2538 super
900 2391 1054 2538 populum
1085 2451 1199 2518 rstum’.
1241 2451 1407 2516 Monachis

293 2560 420 2624 quoque
441 2538 506 2602 suis
551 2537 727 2622 raecipiens
749 2536 845 2600 dixit:
871 2535 1052 2602 ‘Abscedite
1074 2545 1106 2602 et
1126 2559 1183 2602 vos
1204 2557 1224 2599 a
1244 2535 1315 2601 loco
1337 2537 1409 2620 isto,

292 2621 468 2687 auferentes
490 2560 656 2685 vobiscum
678 2622 777 2734 puaei
800 2619 932 2688 habetis.
975 2620 1061 2686 Ecce
1087 2621 1172 2685 enim
1193 2643 1272 2706 gens
1294 2641 1409 2707 appro-

292 2707 380 2792 piatl
411 2728 507 2832 (puam
535 2703 700 2790 praedixi.
743 2703 934 2770 Dicentibus
963 2715 1070 2769 autem
1098 2703 1172 2768 illis:
1207 2704 1288 2770 ‘Non
1314 2703 1408 2770 relin-

315 2791 420 2854 uimus
459 2801 500 2871 te,
529 2789 728 2853 sanctissime
754 2791 862 2875 pater’,
891 2789 949 2852 ait:
977 2788 1092 2854 ‘Nolite
1119 2790 1231 2854 timere
1259 2811 1317 2874 pro
1346 2809 1408 2853 me.

292 2813 449 2938 iutmum
471 2882 519 2937 est
541 2872 635 2955 enim,
664 2881 700 2936 ut
727 2872 863 2936 inferant
890 2872 1130 2956 m1hr1n1urias,
1153 2871 1209 2937 sed
1231 2894 1294 2937 non
1315 2895 1408 2938 noca·

292 2958 372 3023 bunt
393 2979 431 3021 us
455 2978 494 3020 ue
516 2955 558 3019 ad
579 2958 731 3021 mortem'.

377 3041 406 3104 2.
483 3038 722 3105 iscedentibusi
755 3049 861 3105 autem
887 3039 1060 3123 monachis,
1089 3041 1220 3106 advenit
1249 3041 1406 3105 exercitus

293 3123 608 3210 Langobardorum.
656 3125 721 3206 Qui
745 3124 821 3188 dum
849 3133 965 3190 cuncta
989 3147 1071 3212 quae
1095 3134 1280 3212 reppererat
1305 3133 1407 3191 vasta-

294 3373 326 3428 ι’)
343 3377 404 3428 apud
427 3377 447 3417 A
464 3378 483 3420 1.
498 3377 516 3416 F
533 3381 544 3418 1
561 3389 731 3428 nonnumquam.
819 3375 842 3428 a)
859 3378 963 3418 inclusus
986 3377 1007 3418 A
1023 3375 1053 3418 ⁸2.
1070 3379 1091 3420 5.
1116 3379 1137 3418 D
1154 3379 1174 3418 8.
1197 3379 1245 3421 Pb.
1262 3379 1282 3421 b.
1307 3377 1328 3419 G
1344 3377 1407 3419 bab.
1491 3354 1493 3357 Ι

293 3437 371 3478 Η1.Ι
388 3437 407 3476 1.
427 3437 447 3478 2.
463 3437 484 3477 3.
537 3435 561 3488 b)
578 3439 606 3480 ei.
625 3461 650 3468 -
666 3437 782 3489 praedixlt
803 3437 845 3479 dcc.
864 3436 884 3478 G
902 3439 911 3476 1
929 3436 987 3490 (port
1001 3435 1090 3488 suppa).
1107 3439 1128 3479 2.
1145 3436 1180 3479 ba.
1198 3438 1221 3478 b.
1237 3449 1256 3478 c.
1317 3435 1338 3489 e)
1354 3437 1408 3476 dccci

294 3495 364 3536 (1.1).
381 3517 406 3526 -
425 3505 517 3535 carnem
539 3507 597 3536 corr.
621 3507 689 3536 carne
712 3497 733 3536 D
751 3498 770 3548 1,
794 3500 812 3534 ci
836 3497 868 3536 ita
889 3496 952 3535 ceteri
974 3497 994 3536 D
1020 3501 1039 3535 ct
1062 3496 1116 3538 02.
1141 3497 1160 3536 E
1177 3499 1197 3539 l.
1272 3495 1295 3549 d)
1313 3497 1408 3537 dactulis

293 3565 350 3594 corr.
374 3555 464 3594 ductilis
487 3555 508 3593 D
526 3555 545 3606 1,
569 3560 587 3594 al
611 3557 643 3595 ita
670 3557 767 3606 plerique
789 3555 818 3606 Ι),
846 3560 960 3605 praeterea
983 3554 1003 3594 A
1020 3554 1052 3598 ⁸2.
1070 3555 1091 3597 2.
1107 3556 1129 3598 4.
1146 3555 1166 3599 5.
1190 3557 1247 3597 Bi.
1270 3557 1326 3598 Μ.
1351 3554 1372 3596 G
1387 3555 1407 3595 2.

295 3613 366 3664 ba.b;
390 3613 486 3653 daotslis
502 3614 520 3652 F
538 3617 556 3653 1.
573 3613 594 3655 G
609 3617 636 3664 43
660 3615 782 3654 dactilibus
805 3613 823 3653 B
842 3615 862 3656 i.
929 3612 951 3666 e)
967 3615 1022 3654 dccet
1039 3614 1059 3655 G
1075 3615 1094 3654 6.
1159 3612 1177 3666 f)
1195 3613 1407 3665 veronensium,

294 3684 351 3714 corr.
374 3674 459 3720 Turon.
482 3671 503 3711 A
520 3674 540 3712 1.
556 3674 574 3712 Β
592 3675 611 3715 1.
627 3675 646 3713 F
663 3675 686 3725 13
710 3675 796 3715 Toron.
821 3674 883 3712 ceteri
951 3671 974 3724 g)
990 3675 1021 3713 (ια
1044 3673 1065 3714 A
1082 3676 1102 3716 1.
1126 3675 1145 3714 B
1164 3676 1184 3714 1.
1202 3675 1222 3716 8.
1237 3676 1256 3714 F
1274 3678 1293 3715 1.
1311 3674 1331 3714 G
1348 3676 1368 3714 1.
1384 3675 1408 3722 43

294 3733 444 3782 impromptus
460 3731 480 3772 A
496 3732 516 3770 2.
575 3732 600 3786 h)
617 3733 694 3772 nulius
710 3735 730 3772 A
746 3729 777 3772 ’6.
844 3729 862 3784 1)
879 3733 956 3772 omnia
971 3744 993 3782 q.
1011 3732 1028 3774 G
1046 3736 1066 3774 1.
1126 3732 1151 3786 ii)
1166 3731 1335 3786 ap(d)proprist
1350 3732 1370 3771 A
1386 3733 1406 3771 1.

294 3791 313 3830 B
330 3793 355 3840 15
380 3793 519 3842 approperat
540 3791 600 3840 323
624 3789 830 3844 ap(d)proplnquat
852 3791 873 3830 A
889 3792 909 3831 3.
925 3791 946 3832 4.
964 3792 985 3832 b.
1010 3791 1111 3833 0461]
1129 3794 1150 3834 1,
1167 3793 1187 3832 G
1203 3793 1224 3844 3,
1240 3802 1286 3831 cnm
1302 3791 1363 3839 (ἕνα).
1381 3811 1406 3818 -

295 3859 352 3898 gens
368 3850 423 3889 deest
439 3849 459 3889 G
475 3851 495 3901 2,
511 3850 549 3889 nbi
561 3861 629 3899 quam
644 3851 746 3901 predixit
759 3861 815 3890 corr.
832 3851 893 3899 quod
908 3850 1010 3900 predixi;
1027 3852 1088 3901 quod
1104 3851 1124 3892 G
1141 3851 1161 3891 8.
1221 3848 1239 3900 l)
1256 3849 1406 3904 relinquimus

295 3919 352 3948 corr.
368 3909 523 3958 relinquemus
539 3911 560 3949 D
578 3912 597 3962 1,
613 3915 632 3950 ci
646 3910 678 3949 ito
694 3910 756 3949 reteri
771 3910 799 3962 D¹
812 3914 926 3959 practerea
943 3909 960 3950 G
978 3911 1041 3951 1-6.
1060 3909 1080 3950 G
1096 3911 1116 3951 2.
1135 3911 1155 3952 6.
1172 3909 1207 3950 ba.
1223 3909 1245 3947 b.

299 4139 326 4206 1)
348 4138 387 4206 Of.
408 4139 485 4209 Groq.
511 4141 573 4193 Tur.
594 4140 647 4202 IV,
667 4141 710 4192 42.
804 4139 834 4210 2)
853 4143 928 4194 Haec
947 4159 978 4193 ea
999 4141 1075 4209 (ἶνες.
1099 4140 1162 4192 Tun.
1188 4139 1234 4206 VI,
1264 4140 1290 4190 6.
1318 4147 1405 4192 sumta

297 4221 373 4274 annt;
394 4219 421 4265 et
433 4216 507 4280 prob.
521 4216 592 4266 vitas
606 4213 717 4266 Paulus.
738 4253 740 4256 -
792 4213 822 4282 3)
833 4215 927 4266 Niaaa.
1003 4213 1032 4281 4)
1051 4215 1133 4281 plaga
1153 4216 1306 4281 supervenit
1319 4213 1405 4282 Grcp„

297 4287 370 4355 oujna
389 4288 469 4340 verba
488 4303 684 4353 nonnumquam
702 4289 813 4340 mutavit
831 4288 942 4340 Paulas.
1043 4288 1071 4355 6)
1091 4289 1135 4340 Ea
1155 4288 1232 4356 (ἶνες.
1258 4287 1304 4352 VJ,
1326 4289 1351 4342 6.
1371 4288 1407 4340 od

296 4361 403 4412 verbum
414 4361 476 4429 sere
495 4362 662 4428 exscriptum.
738 4363 765 4428 6)
784 4380 850 4432 gens
869 4363 916 4414 illa
936 4361 1015 4431 (ἔτερ.
