3040 5014
333 471 443 524 PAULI
462 469 636 522 HISTORIA
655 470 990 524 LANGOBARDORUM.
1203 475 1222 524 b

98 643 215 727 posuit
237 641 282 724 (I,
298 640 375 722 26)‚·
399 639 485 725 quod
510 639 734 720 vindicasset,
757 641 787 704 si
809 639 935 705 diutius
950 641 1101 725 patriam
1122 641 1219 706 Foro-

98 725 277 812 jubieuseut
299 733 328 787 et
349 723 533 788 saeculares
556 744 630 807 opes
651 723 842 806 reliquisset.

194 808 285 883 Quae
308 810 338 872 si
358 809 467 872 uiuus
483 805 627 891 placeat,
651 808 696 872 ad
709 807 830 871 Karobi
844 808 964 894 Mupui
978 817 1037 873 tem
1062 831 1123 874 ora
1141 810 1219 876 baec

105 892 287 977 efferamus
310 899 432 976 oportet
440 903 462 972 1,
505 891 552 972 ui,
573 891 869 976 Langobardorum
890 913 991 977 reguo
1037 903 1173 958 estructo
1191 903 1221 958 et

132 977 207 1042 aulo
264 985 311 1041 ost
330 914 518 1061 Rodqaurio
545 975 764 1074 Forojulieusi
790 977 871 1040 duce
898 977 1040 1040 deuicto²
1063 983 1113 1060 (a.
1130 978 1219 1060 776),

135 1061 207 1124 auli
218 999 365 1145 sistram
378 1059 527 1124 Aricbiut
542 1067 707 1142 captiuum
727 1061 765 1123 iu
779 1060 958 1124 Frausiaut
973 1060 1070 1126 duait
1087 1064 1221 1147 ejusque

105 1167 158 1208 res
172 1145 255 1227 fisco
279 1143 443 1224 attribuit;
465 1141 503 1206 id
524 1143 611 1228 quod
631 1153 729 1208 totam
741 1143 916 1226 familiam
942 1145 1112 1230 ipsumque
1132 1145 1219 1209 Pou-

105 1229 175 1292 lum
195 1230 342 1313 praviter
356 1225 488 1312 affliuit.
533 1225 754 1293 Seueuobutis
770 1229 871 1292 aunis
893 1227 945 1291 bic
966 1230 1055 1314 repis
1075 1230 1222 1316 protinus

105 1315 251 1377 carmine
266 1310 463 1394 implorauit.
509 1307 605 1383 Quot
625 1313 805 1398 qeuuiuuut
819 1315 905 1376 uitae
920 1314 990 1398 ejus
1004 1314 1221 1378 testimouium

105 1398 158 1460 bic
180 1396 389 1461 inserendum
410 1395 597 1460 ducimus&

235 1533 335 1598 Item
357 1555 496 1598 versus
518 1532 637 1597 Pauli
657 1533 706 1596 ad
727 1557 858 1620 regem
879 1535 1092 1621 precando⁸

146 1653 255 1720 Verba
276 1655 323 1717 tui
344 1653 465 1736 famuli,
487 1676 546 1718 rex
566 1675 700 1736 summe,
722 1653 858 1719 adtende
881 1677 1019 1736 serenus,

228 1738 365 1823 Respice
386 1747 418 1802 et
439 1738 481 1802 ad
502 1737 611 1803 fletum
633 1760 705 1802 cum
726 1739 843 1824 pietate
865 1761 983 1803 meum.

147 1840 225 1906 Sum
246 1842 354 1922 miser,
375 1848 411 1904 ut
432 1862 566 1923 mereor,
589 1850 742 1928 quantum
764 1842 823 1906 vix
842 1839 924 1905 ullus
946 1842 980 1906 iu
1002 1841 1079 1907 orbe
1101 1850 1166 1922 est;

231 1925 365 2010 Semper
385 1925 468 1988 inest
488 1923 594 1989 luctus
615 1926 713 1991 tristis
736 1935 767 1990 et
788 1925 867 1991 hora
887 1923 974 1989 mihi.

147 2025 310 2113 Septimus
332 2049 434 2091 annus
456 2026 556 2110 adest,
579 2048 621 2090 ex
643 2049 704 2113 quo
726 2050 810 2092 nova
832 2049 930 2092 causa
951 2026 1075 2093 dolores

227 2109 420 2197 Multiplices
441 2119 571 2196 generat
593 2121 625 2176 et
645 2131 717 2176 mea
738 2111 835 2176 corda
857 2113 967 2198 quatit.

146 2212 300 2298 Captivus
322 2214 459 2278 uestrisa
480 2222 599 2278 extunc
620 2236 790 2299 germanus
811 2216 845 2277 in
865 2215 951 2279 horis

228 2296 288 2360 Est
308 2319 411 2380 meus,
431 2295 550 2361 afflicto
572 2307 711 2382 pectore,
733 2297 849 2380 nudus,
872 2321 979 2382 egens.

144 2395 234 2462 Illius
255 2400 289 2462 in
332 2401 413 2463 auia
436 2400 555 2462 coniux
576 2399 757 2462 miseranda
777 2420 835 2483 per
857 2420 966 2462 omnes

227 2421 390 2550 Menbcat
410 2481 533 2567 plateas
554 2503 608 2544 ore
630 2491 783 2546 tremente
806 2481 904 2546 cibos.

147 2584 306 2664 Quattuor
326 2583 386 2647 hac
407 2583 515 2668 turpib
537 2592 628 2646 natos
651 2591 805 2648 sustentat
825 2581 867 2646 ab
888 2593 965 2665 arte,

231 2667 319 2746 Quos
341 2667 397 2730 vix
418 2667 585 2752 pannuciis
606 2665 788 2752 praevalet⁰
809 2665 863 2729 illa
884 2668 959 2752 tegi.

145 2768 206 2833 Est
226 2768 314 2852 milri,
337 2791 417 2854 quae
438 2769 549 2854 primis
572 2767 699 2833 Christo
722 2777 846 2833 sacrata
867 2767 926 2834 sub
949 2769 1040 2832 annis

228 2851 378 2916 Excubat
399 2854 529 2938 egregia
550 2851 753 2938 simplicitate
775 2875 873 2918 soror.
903 2927 906 2933 ,

144 2953 235 3020 Haec
258 2952 316 3018 sub
339 2963 423 3019 sorte
444 2955 514 3041 pari
535 2953 655 3020 luctum
678 2957 746 3020 sine
767 2949 830 3020 fl'ne
850 2963 1019 3034 retentans,

225 3040 357 3103 Privata
378 3048 426 3104 est
447 3037 548 3102 oculis
568 3039 633 3103 iam
654 3062 754 3126 prope
775 3038 881 3104 flendo
903 3039 978 3102 suis.

144 3139 375 3222 Quantulaoum
399 3163 439 3205 ue
460 3140 529 3222 fuit,
551 3140 676 3228 direpta
696 3152 745 3207 est
764 3152 873 3206 nostra
894 3138 1046 3226 supellex,

226 3225 294 3290 Nec
316 3235 373 3307 est,
417 3225 473 3289 eu!
496 3225 619 3296 miseris
643 3226 697 3311 qui
718 3225 800 3290 ferat
820 3223 903 3288 ullus
926 3245 1029 3309 opem.

142 3325 292 3392 Coniunx
313 3335 361 3392 est
380 3327 484 3390 fratris
506 3326 603 3392 rebus
625 3327 757 3392 exclusa
776 3327 925 3414 paternis,

224 3412 355 3498 Iamque
377 3433 487 3475 sumus
509 3413 608 3476 servis
629 3413 804 3478 rusticitate
825 3433 934 3497 pares;

142 3513 298 3580 Nobilitas
319 3514 414 3613 periit
433 3513 566 3596 miseris,
588 3515 745 3579 accessitd
767 3523 922 3598 aegestas.

226 3598 416 3681 Debmmus,
438 3597 548 3680 fateor,
569 3599 730 3683 asperiora
750 3599 832 3684 pati3

146 3699 211 3765 Sed
233 3700 390 3780 miserere,
411 3711 525 3785 potens
547 3708 660 3780 rector,
682 3700 840 3779 miserere,
863 3719 1038 3784 precamur,

227 3783 271 3847 Et
290 3783 419 3847 tandem
440 3783 536 3851 finem
557 3783 616 3865 his,
638 3784 700 3869 pie,
722 3804 804 3869 pone
826 3781 932 3845 malis!
1077 3797 1115 3866 η

106 3983 128 4036 a)
144 3983 214 4023 exuis
237 3982 281 4024 Vat.
342 3981 366 4033 b)
382 3983 442 4032 virpi
457 3983 517 4029 Par„
534 3983 591 4032 quod
605 3951 904 4031 Bestmauu‘praesueuoum
919 3981 986 4022 duait.
1046 3979 1067 4032 c)
1084 3977 1135 4030 quis
1151 3983 1215 4023 valet

104 4045 117 4084 t.
133 4043 190 4091 tegit
209 4041 255 4083 Vut.
300 4049 306 4054 ·
345 4040 368 4092 d)
385 4043 495 4082 successit
514 4041 560 4081 Vct.

107 4211 134 4278 1)
153 4208 198 4261 Ita
210 4209 293 4260 Dubu
307 4227 340 4276 p.
353 4209 397 4273 23,
417 4209 464 4276 qui
482 4209 542 4260 huic
556 4209 718 4278 conjecturae
730 4205 841 4258 nimium
854 4205 952 4258 tribuit.
1028 4205 1056 4274 2)
1075 4208 1121 4260 Ita
1133 4209 1212 4261 Betb-

104 4301 183 4336 utauu
197 4301 228 4350 p.
243 4284 305 4334 240.
318 4292 386 4336 recte
398 4281 521 4335 statuisse
533 4282 600 4334 mibi·
609 4281 724 4334 uidetur.
780 4281 808 4346 3)
827 4279 979 4331 Edideruut
997 4279 1138 4349 Lebeufp.
1150 4284 1212 4333 414.

105 4374 136 4412 ec
155 4358 211 4408 cod.
225 4355 329 4419 Paris.;
348 4356 414 4420 Mai,
436 4355 517 4408 Ciues
539 4365 607 4408 auct.
624 4356 653 4420 V,
668 4356 712 4418 50,
732 4371 763 4407 eu
784 4354 840 4406 cod.
859 4353 933 4416 Vat.;
952 4354 1045 4420 quibus
1062 4355 1212 4408 Bctltuuutu

103 4432 132 4484 iu
150 4439 222 4483 tectu
239 4431 397 4484 recensendo
417 4447 480 4482 usus
500 4438 545 4482 est.
