3040 5014
380 433 490 486 PAULI
509 434 684 487 HISTORIA
702 435 1036 488 LANGOBARDORUM.
1232 437 1263 484 11

148 602 255 668 Paulo
264 615 274 649 1
282 606 473 668 recentiores
485 603 850 667 *tribuereuoluerunt²:
863 612 971 666 noster
979 612 1059 668 certe
1070 603 1106 667 in
1114 603 1265 668 Historia
1275 631 1312 686 «ρ,
1329 634 1365 676 20,

148 688 445 775 Lanqobordorum
466 688 510 751 iis
526 708 605 750 usus
619 695 673 750 est.
716 685 783 751 Sed
804 687 900 750 etiam
921 688 1029 787 majus
1051 709 1132 772 opus
1148 687 1263 752 ‘Paulo

148 773 301 853 diacono,
303 769 479 856 familiari
490 769 638 839 clientulo
647 771 996 856 nostro'rercinjunmt,
1008 769 1264 857 ‘quatractotns’,

149 866 187 919 nt
202 858 250 920 ait
264 854 401 940 epistola
416 855 525 938 ipsius
539 855 667 919 nomine
687 855 842 940 seripta³,
865 860 971 938 ‘atquc
985 877 1145 920 sermones
1160 856 1263 920 diver-

148 962 260 1004 sorum
292 938 521 1002 catlrolicornm
544 947 682 1023 patrum
708 937 881 1024 perleqens
911 947 940 1000 et
969 940 1092 1024 optimo
1118 963 1201 1040 quae
1224 963 1263 1005 ue

149 1024 333 1109 decerpens,
354 1025 392 1087 in
414 1023 539 1087 duobus
561 1022 778 1087 voluminibus
794 1045 858 1106 per
879 1025 977 1086 totins
999 1025 1085 1088 anni
1105 963 1263 1088 circuilrm

148 1115 360 1254 copquuentes
380 1107 495 1217 cuique
513 1105 693 1191 festivitati
721 1107 870 1171 distincte
899 1115 928 1170 et
956 1106 1074 1193 absque
1100 1108 1191 1173 vitiis
1213 1108 1263 1173 ob·

151 1193 226 1254 tuit
258 1192 412 1255 ectiones.
1236 1227 1237 1232 κ

237 1326 331 1400 Quod
351 1351 423 1392 cum
446 1329 507 1390 dac
523 1329 737 1412 praefatione
758 1331 829 1414 reqi
850 1329 1072 1391 transmisit³:

233 1483 366 1548 Summo
388 1483 474 1568 apici
494 1506 601 1548 rerum
621 1485 690 1570 regi
712 1484 905 1569 dominoque
926 1484 1049 1569 potenti

274 1567 342 1632 Dat
361 1566 500 1631 famulus
522 1566 659 1654 supplex
680 1567 779 1632 verba
799 1566 936 1652 legende
958 1589 1043 1630 suus.

232 1667 351 1755 Ample
372 1668 450 1732 mihi
471 1679 575 1734 vestro
598 1677 646 1733 est
666 1668 780 1732 humili
801 1667 930 1733 devotio
952 1690 1046 1732 servo

232 1753 416 1838 Praeceptis
437 1775 550 1838 parere
571 1753 645 1836 tuis,
668 1752 872 1818 celeberrime
893 1773 1016 1836 regum,

234 1838 339 1916 Quem
360 1836 449 1902 dedit
471 1838 670 1902 omnicreans
692 1837 810 1902 Rector
830 1837 998 1900 miseratus
1020 1834 1061 1900 ab
1083 1835 1154 1902 eltis

233 1920 459 1986 Christicolum
479 1920 606 2008 populis
628 1921 890 2020 defensoremque
912 1931 1107 2007 patremque.

235 2005 284 2070 Sit
303 2003 379 2070 licet
400 2005 531 2071 effectus
553 2007 689 2070 modicis
710 2027 768 2091 pro
789 2003 912 2070 vimbus
934 2005 1067 2089 impare,

232 2089 350 2174 Ingens
371 2089 495 2154 ardenti
515 2101 622 2156 temen
644 2098 692 2154 est
713 2090 772 2154 sub
794 2088 890 2154 corde
914 2087 1071 2153 voluntas.

209 2207 212 2214 ·
232 2173 284 2236 En
305 2173 413 2238 iutusb
435 2177 534 2260 patris
556 2173 722 2239 Benedicti
743 2175 825 2237 mire
845 2172 1019 2258 patrantis⁰

231 2255 362 2321 Auxilio
384 2259 569 2344 meritisque
590 2259 661 2344 piis,
682 2258 843 2343 vestrique
868 2254 971 2320 fidelis

233 2339 370 2406 Abbatis
393 2341 577 2427 dominique
598 2341 671 2422 mei,
694 2341 754 2404 etsi
774 2342 863 2403 iussa
883 2339 1014 2424 nequivi

233 2423 374 2509 Explere
395 2434 431 2488 ut
452 2424 606 2510 dignum<¹
628 2433 685 2504 est,
706 2433 824 2504 temen,
846 2443 865 2484 ο
886 2421 1013 2507 pietatis
1032 2430 1163 2501 amator,

233 2507 359 2592 Excipe
381 2517 551 2592 gratanter,
574 2506 672 2570 decus
694 2516 725 2570 et
746 2505 890 2570 mirabile
912 2505 1034 2584 mundi,

149 2705 218 2804 spitze
233 2705 315 2754 laced:
331 2705 398 2746 invit.
415 2704 472 2746 Mod.
547 2703 570 2755 b)
587 2705 660 2745 iustus
677 2704 734 2747 Mod.
811 2703 831 2756 c)
848 2704 993 2755 patrantibus
1009 2703 1066 2742 Mod.
1135 2701 1158 2754 (1)
1176 2703 1262 2744 dictum

175 2777 209 2807 o.

151 2933 176 2993 1)
189 2929 427 2996 Taiisdoctempore
432 2931 624 2998 pinnipnotus
632 2938 677 2983 est.
687 2931 789 2982 Paulus
797 2931 926 2982 diaconus
935 2929 1265 2997 Neapolitanaeecclesiae,

148 3005 195 3072 qui
213 3003 281 3055 Acta
294 3001 322 3054 S.
333 3004 440 3056 Mariae
453 3003 631 3072 Aeqpptiocae
650 3004 683 3056 de
698 3004 798 3056 Gracco
816 3003 846 3054 in
859 3003 987 3054 Latinum
1006 3002 1142 3054 transtulit
1158 3002 1266 3068 aliaque

148 3077 262 3143 scripsit,
288 3074 384 3128 Koroli
404 3075 479 3128 Oatct
497 3086 610 3143 tempore
635 3076 709 3130 cinit.
750 3077 791 3130 De
809 3095 860 3143 quo
885 3077 919 3144 cf.
940 3075 1265 3139 necennensium.

155 3151 230 3216 V,p.
246 3151 297 3200 199
318 3149 371 3215 (ed.
391 3149 874 3216 mor.1sss),·13anmannp.3ss.
911 3150 1046 3202 Posterius
1071 3149 1150 3201 etiam
1168 3148 1266 3200 vixisse

150 3222 256 3275 ridetur
281 3223 348 3274 alter
365 3224 470 3274 Paulus
496 3223 625 3274 diaconus
646 3222 809 3286 Cannensis,
836 3224 882 3289 qui
906 3223 1019 3276 codicem
1043 3222 1148 3288 scripsit
1172 3221 1265 3288 episto·

150 3299 238 3348 tamnu
263 3296 346 3348 Pauli
369 3295 427 3362 (op.
446 3296 513 3359 Mai,
533 3295 625 3362 Spicit.
648 3296 723 3363 V,p.
738 3295 828 3347 XXII
831 3334 838 3358 ,
863 3296 950 3348 minus
973 3305 1041 3348 recte
1066 3293 1266 3348 commentarius

150 3369 249 3422 dicitur
266 3369 296 3420 in
314 3369 396 3422 Pauli
414 3369 559 3436 epistolas),
578 3387 604 3420 n.
628 3369 706 3433 Tosti,
725 3369 797 3420 Hist.
819 3367 909 3420 Oasin.
927 3369 998 3434 I,p.
1014 3370 1076 3420 104.
1167 3370 1195 3434 2)
1217 3365 1267 3418 Ob-

140 3444 236 3512 jieitur
263 3443 336 3510 quod
362 3443 391 3494 in
419 3443 494 3495 codd.
523 3443 658 3495 nonnullis
687 3443 789 3494 Paulus
812 3443 936 3509 ponentes
968 3443 1010 3494 nel
1043 3441 1166 3493 sacerdos
1201 3438 1267 3491 dici·

150 3526 209 3577 tur,·
228 3516 262 3582 cf.
276 3516 426 3568 Betdmann
443 3535 471 3582 p.
485 3517 547 3569 821.
584 3515 639 3568 Sed
656 3517 686 3567 in
704 3524 803 3568 uetusto
822 3516 868 3567 iilo
881 3513 1036 3566 Monacensi
1054 3515 1123 3566 nihii
1140 3513 1267 3581 ejusmodi

151 3588 255 3657 leqitur.
292 3589 328 3639 m
345 3589 376 3640 in
395 3589 504 3656 antiqno
518 3590 637 3658 cataioqo
653 3589 821 3641 bibliothecae
832 3588 1078 3650 Lauresdamensis,
1099 3586 1159 3637 Mai
1172 3583 1264 3652 specu

84 3711 86 3716 .
156 3661 265 3726 V,193,
285 3663 391 3728 glossae
409 3663 488 3714 Psuli
507 3663 614 3714 diaconi
633 3663 790 3728 offenmtur,
816 3679 866 3728 quo
893 3661 968 3712 titulo
994 3669 1055 3728 apte
1074 3667 1198 3725 eucerpta
1215 3660 1265 3711 iiia

148 3735 267 3786 medicari
280 3744 413 3800 poterant.
453 3736 544 3803 Neque
563 3736 634 3802 quod
652 3734 824 3804 neptiqentius
837 3743 961 3800 eucerpta
973 3735 1062 3800 sacto,
1075 3733 1160 3784 muita
1175 3733 1264 3799 defor-

149 3817 223 3860 mata
247 3816 309 3859 sunt
331 3810 374 3860 uel
392 3827 493 3876 parurn
518 3811 663 3872 intellecta,
689 3827 707 3860 a
725 3807 807 3860 Pauli
830 3808 934 3876 ingenio
962 3808 1092 3860 ablmrret.
1135 3804 1265 3858 Extremo

150 3881 274 3948 epistotae
292 3881 381 3944 rerba,
401 3883 465 3934 ltaec
482 3883 512 3934 in
528 3882 682 3949 primordiis
700 3881 784 3933 initae
803 3898 862 3932 cum
880 3881 982 3932 Karoia
993 3879 1193 3947 familiaritatis
1216 3896 1265 3946 po·

150 3955 240 4007 nendo
262 3971 325 4019 esse,
350 3957 496 4008 ostendunt.
581 3958 609 4020 3)
628 3953 687 4006 LL.
706 3955 732 4019 I,
745 3973 777 4021 p.
792 3955 835 4005 44.
873 3955 918 4006 Ea·
943 3955 1000 4006 cod.
1026 3951 1160 4006 Oarlsrulr.
1191 3951 1267 4020 (olim

150 4027 290 4096 Auqiensi)
310 4047 331 4080 s.
351 4027 401 4092 IX,
421 4047 471 4096 quo
484 4031 545 4098 jam
563 4027 693 4080 Madillon
711 4045 776 4080 usus
795 4035 859 4091 erat,
885 4025 956 4078 Ann.
976 4028 1076 4079 Bened.
1096 4026 1137 4090 II,
1157 4044 1189 4091 p.
1203 4026 1266 4090 328,

151 4101 237 4154 denuo
256 4102 298 4154 ed.
311 4102 414 4166 Ranlee,
437 4101 527 4155 Theoi.
542 4099 655 4154 Studien
672 4102 730 4152 smol
749 4100 871 4152 Kritilcen
892 4100 970 4165 1855,
986 4118 1017 4166 p.
1031 4100 1093 4152 387.
1151 4098 1180 4166 3)
1198 4099 1266 4151 Edi·

152 4175 247 4226 tionem
270 4175 380 4240 pararit
404 4175 554 4228 Bethmann
577 4192 609 4228 cn
635 4175 692 4227 cod.
711 4173 1031 4242 Batauo-Luqdunensi,
1061 4174 1133 4225 Voss.
1156 4171 1219 4225 Lat.
1239 4173 1265 4235 4,

152 4265 172 4299 s.
186 4247 219 4310 X,
239 4257 263 4300 et
275 4248 451 4302 Modoetiensi
470 4247 650 4316 (Lectionario
669 4256 802 4300 caractere
821 4248 952 4314 quadrato
972 4266 993 4300 s.
1013 4246 1107 4314 VIII),
1128 4260 1178 4312 quo
1198 4262 1264 4297 usus

153 4329 190 4372 est
208 4319 290 4385 Frisi,
310 4323 389 4376 Mem.
408 4323 437 4376 di
456 4323 555 4374 Moneo
567 4321 624 4386 III,
645 4323 706 4372 152.
744 4321 841 4372 Ecstot
860 4321 938 4372 etiam
956 4322 985 4372 in
1003 4320 1060 4372 cod.
1075 4319 1264 4382 Oorlsrulrano,

154 4393 213 4446 olim
232 4393 368 4462 Auqiensi,
387 4413 419 4449 en
439 4413 490 4462 quo
504 4405 610 4462 partem
629 4395 670 4446 ed.
689 4394 819 4446 Mabitton
838 4395 854 4447 l.
875 4397 892 4447 t.
907 4412 939 4461 p.
953 4395 1016 4445 329.
