3040 5014
356 417 466 468 PAULI
485 415 657 468 HISTORIA
676 415 1009 469 LANGOBARDORUM.
1220 419 1235 468 9

168 583 241 649 Hac
262 604 320 670 pro
342 605 440 648 causa
461 581 600 648 Grecam
621 581 715 646 doces
737 581 869 647 clericos
889 567 1129 670 grammaticam

209 675 344 750 nostros,
365 677 422 732 ut³
443 667 477 730 in
498 667 565 731 eins
586 675 723 752 pergant
743 675 905 731 manentes
928 669 1090 754 obsequio,

210 761 241 818 et
264 749 435 816 Graiorum
456 749 624 816 videantur
646 748 761 814 eruditi
782 749 910 836 regulis.

736 864 754 902 0

522 941 677 1006 Versus
705 939 834 1004 Pauli.

170 1064 273 1145 Sensi,
297 1063 387 1127 cuius
407 1061 505 1126 verba
526 1061 596 1148 cepi
618 1069 748 1124 exarata
768 1061 904 1146 paginis.

208 1168 284 1210 nam
306 1168 326 1210 a
346 1166 399 1211 ma
445 1166 463 1208 o
486 1156 559 1208 sunt
578 1145 707 1226 directa,
729 1165 811 1230 quae
831 1142 965 1230 pusillus
986 1145 1111 1230 detulit;

211 1229 308 1294 fortes
330 1252 380 1294 me
413 1229 511 1293 acerti
532 1226 668 1314 pulsant,
690 1249 754 1292 non
775 1227 900 1292 inbellis
921 1231 1022 1314 pueri.

167 1331 307 1416 Magnus
326 1330 416 1396 dicor
436 1335 602 1416 poetaruni
623 1339 797 1418 vatumque
819 1331 1021 1396 doctissimus

210 1416 413 1502 omniumque
433 1414 633 1500 praeminere
654 1415 798 1499 gentium
820 1413 945 1500 eloquio

209 1498 313 1564 cordis
335 1509 367 1564 et
387 1499 510 1586 replere
532 1521 606 1562 rura
626 1497 771 1563 fecundis
793 1499 976 1564 seminibus.

166 1601 284 1666 Totum
305 1600 366 1665 hoo
387 1601 420 1664 in
441 1622 545 1666 meam
568 1621 661 1664 cerno
682 1598 841 1685 prolatum
863 1601 1038 1684 miseriam3

210 1693 312 1749 totum
334 1684 449 1750 hocin
471 1707 578 1749 meum
600 1693 698 1770 caput
719 1684 839 1748 dictum
860 1707 918 1770 per
939 1685 1121 1770 hyroniam3

211 1768 330 1834 cheul!
353 1767 501 1834 laudibus
523 1767 652 1833 deridor
673 1777 705 1832 et
726 1769 866 1832 cacinnis
889 1769 1061 1854 obprimor.

168 1871 270 1936 Dicor
291 1869 404 1936 similis
425 1871 577 1952 Homero,
599 1868 717 1934 Flacco
740 1881 771 1935 et
792 1869 944 1956 Vergilio,

210 1954 331 2019 similor
352 1953 492 2020 Tertullo
517 1955 604 2019 sive⁰
625 1953 752 2018 Philoni
772 1954 988 2040 Memphitico,

209 2039 268 2105 tibi
290 2060 426 2126 quoque,
448 2039 641 2104 Veronensis
664 2060 682 2102 o
704 2037 839 2120 Tibulle,
862 2038 1014 2102 conferor.

165 2142 309 2222 Peream,
332 2142 359 2205 si
382 2161 562 2226 quenquam
582 2139 695 2204 horum
716 2141 834 2204 imitari
856 2141 960 2239 cupio,

209 2225 302 2290 avias
324 2225 379 2312 qui
401 2234 473 2288 sunt
494 2226 609 2307 secuti3
631 2234 799 2310 pergentes
822 2246 880 2311 per
900 2225 1023 2288 muium

207 2309 313 2396 potins
335 2307 392 2372 sed
413 2309 491 2373 istos
513 2330 572 2393 ego
595 2306 776 2392 conparabo
798 2308 940 2371 canibus.

168 2410 299 2476 Graiam
319 2411 428 2475 nescio
449 2407 628 2495 loquellam,
650 2409 763 2492 ignoro
785 2407 993 2472 Hebraicam·

208 2505 271 2560 tres
293 2502 349 2556 aut
392 2501 520 2556 nattuor
541 2494 575 2555 in
596 2489 689 2554 scolis
712 2513 790 2576 quas
812 2491 911 2555 didici
933 2455 1080 2576 syllabas,

211 2599 251 2643 ex
272 2577 322 2640 his
345 2599 377 2638 m
414 2577 421 2590 '
445 2585 493 2640 est
512 2574 660 2640 ferendus
682 2573 841 2660 maniplus
867 2573 907 2638 ad
929 2595 1045 2639 aream.

167 2676 263 2744 Nulla
283 2676 362 2741 mihi
383 2685 438 2740 aut
458 2676 603 2740 flaventis
625 2686 673 2740 est
693 2675 811 2742 metalli
834 2678 926 2762 copia

209 2772 265 2826 aut
285 2781 321 2824 ar
343 2761 408 2826 enti
429 2761 496 2826 sive
519 2782 625 2846 opum,
647 2759 762 2824 desunt
783 2770 814 2825 et
835 2782 964 2848 marsup
989 2761 1029 2826 ia.

209 2847 306 2910 vitam
320 2783 439 2910 litteris
459 2846 493 2908 ni
515 2865 628 2926 ernam,
650 2844 728 2907 nihil
749 2853 797 2908 est
818 2845 904 2932 quod
925 2783 1072 2912 triduam.

167 2949 311 3014 Pretiosa
328 2967 479 3034 quaeque
499 2946 591 3012 vobis
613 2947 697 3011 dona
718 2945 821 3012 ferant
836 2947 971 3030 divites,

208 3031 262 3096 alii
283 3039 471 3116 conportent
490 3051 633 3116 gemmas
654 3029 845 3116 Indicosque
866 3029 1003 3117 lapides3

209 3136 280 3180 meo
302 3137 384 3201 pura
405 3113 561 3179 tribuetur
582 3113 730 3179 voluntas
751 3115 785 3178 in
805 3137 946 3182 munere.

166 3217 318 3283 Anchora
339 3237 390 3280 me
413 3215 479 3281 sola
499 3217 597 3281 vestri
618 3215 670 3279 hic
692 3217 809 3280 amoris
832 3217 960 3299 detinet,
983 3251 984 3255 =

208 3311 319 3366 nectar
341 3299 541 3400 omnequod
563 3299 724 3386 praecellit
746 3300 894 3387 quodque
916 3299 1030 3447 flaqrat
1053 3302 1180 3387 optime.

207 3407 271 3449 non
294 3384 333 3449 de
354 3383 466 3450 l1ttens
489 3393 654 3470 captamus
675 3405 776 3449 vanae
797 3383 925 3448 landem
946 3405 1075 3469 gomae.

166 3487 234 3552 Nee
255 3509 307 3552 me
327 3485 414 3569 latet,
437 3485 492 3551 sed
514 3485 632 3568 exulto,
655 3485 742 3573 quod
763 3495 876 3572 pergat
896 3495 983 3550 trans
1005 3487 1105 3549 maria

207 3579 323 3652 vestra,
345 3580 457 3653 rector,
480 3579 512 3634 et
533 3581 678 3670 capessat
699 3579 858 3718 sceptrum
879 3569 1012 3670 pulchra
1032 3569 1107 3668 filia,

209 3663 245 3718 ut
265 3675 324 3740 per
344 3664 451 3719 natam
473 3676 564 3742 regni
585 3675 668 3718 vires
689 3663 742 3719 ten
766 3663 859 3718 antur
879 3677 913 3718 1n
936 3655 1054 3718 As1am.

168 3757 204 3822 Si
225 3777 289 3820 non
311 3753 447 3842 amplius
468 3757 502 3819 in
522 3755 576 3820 illa
596 3779 630 3821 re
655 3756 725 3820 'one
748 3753 854 3820 clerici

211 3838 354 3904 Graecae
374 3839 537 3924 proferunt
556 3839 642 3927 loqui
665 3862 712 3923 ae,
736 3861 832 3926 quam
853 3861 872 3902 a
893 3862 944 3904 me
966 3839 1142 3924 didicerint,

209 3924 316 4005 vestri,
340 3924 436 3991 mutis
458 3923 585 3988 similati
607 3923 790 3988 deridentur
811 3925 932 3988 statuis.

154 4024 234 4091 *Sed
256 4026 384 4091 omnino
406 4048 446 4090 ne
466 4024 647 4111 linguarum
669 4025 774 4088 dicam
796 4047 864 4090 esse
886 4025 1022 4108 nescius,

208 4131 321 4258 pauca,
343 4110 421 4173 mihi
443 4131 525 4196 quae
546 4109 673 4174 fuerunt
693 4109 809 4174 tradita
829 4109 971 4194 pueru10,
1032 4129 1036 4137 ·

231 4195 329 4280 icam3
352 4202 457 4259 cetera
476 4193 626 4278 fugerunt
646 4193 710 4256 iam
732 4203 884 4278 gravante
906 4195 1009 4260 senio:
1072 4257 1073 4260 ,

124 4390 147 4445 a)
164 4393 218 4434 deest
234 4404 252 4436 c.
312 4391 336 4445 b)
352 4393 397 4434 heu
412 4405 429 4435 c.
491 4391 511 4444 c)
529 4403 569 4434 sen
584 4405 601 4434 c.
663 4391 686 4445 d)
703 4383 756 4436 avla
770 4404 787 4432 c.
