3040 5014
233 440 266 489 12
459 437 570 490 PAULI
589 437 761 490 HISTORIA
781 436 1115 489 LANGOBARDORUM.

317 605 590 691 Qualemcumque
611 606 658 670 tui
679 603 800 686 famuli,
821 627 880 670 rex
900 626 1026 690 magne,
1046 602 1206 685 laborem;

316 689 476 776 Quodque
497 711 587 753 sacro
609 710 712 775 nuper
731 687 890 752 mandasti
909 687 1027 752 famine
1047 688 1151 770 condi,

314 771 409 837 Nunc
432 795 511 859 opus
533 782 714 858 acceptans,
735 771 829 836 rutilo
852 773 1002 837 conitus
1023 770 1141 840 favore.

316 857 355 922 In
399 878 440 921 uo
462 857 489 921 si
511 856 589 942 quid
611 857 671 921 erit
690 854 794 920 labisa
815 857 946 942 vitiique
967 855 1120 936 nocentis,

315 879 400 1004 Illul
419 951 525 1006 vestra
546 962 647 1025 sagax
666 940 801 1003 nimium
822 941 977 1025 sapientia
997 941 1136 1025 purgent

316 1023 361 1089 Ut
384 1045 424 1088 ue
444 1023 509 1109 legi
523 1047 587 1173 per
609 1046 701 1089 sacra
721 1033 818 1109 queat
838 1023 999 1088 domicilia
1021 1021 1148 1103 Christi,

316 1107 346 1171 N
393 1109 441 1172 'us
462 1109 522 1173 titu
545 1117 618 1173 ante
639 1107 702 1172 fide
724 1107 752 1170 si
773 1107 916 1172 sensibus
937 1106 1008 1171 altis

315 1191 430 1274 Enixe,
453 1201 488 1256 ut
509 1191 615 1277 cupio,
636 1192 749 1256 vestiis
770 1202 943 1277 utcumque
964 1190 1111 1276 placebit,

312 1275 462 1339 ‘Firmum
484 1274 561 1340 ordo
584 1275 689 1360 capiat
708 1286 814 1340 vestra
835 1275 997 1340 sanctione
1019 1275 1174 1359 vigorem.

320 1413 411 1488 Quae
442 1414 493 1478 bie
524 1414 562 1478 de
592 1436 609 1478 ο
635 1436 650 1477 e
679 1415 787 1477 sancti
807 1413 979 1478 Benedicti
1006 1423 1035 1476 et
1066 1413 1190 1477 obbatis
1212 1411 1348 1476 ‘domiui
1515 1417 1517 1460 ἓ

233 1500 296 1564 sui'
326 1499 414 1562 dicta
441 1506 518 1560 sunt
539 1436 676 1562 sociere
697 1497 863 1578 uidentur,
892 1507 928 1560 ut
952 1497 1113 1582 prandem
1135 1498 1221 1561 banc
1248 1497 1347 1560 lomi·
1515 1463 1517 1572 Ι

234 1582 357 1646 liorum
378 1580 590 1646 collectionem
612 1605 634 1644 a
655 1581 760 1645 Paulo
786 1579 940 1646 Casinum
962 1603 1088 1646 reuerso
1110 1581 1236 1645 demum
1258 1580 1346 1644 obso-
1515 1575 1517 1640 1

234 1665 338 1729 lutam
359 1687 424 1729 esse
446 1673 657 1730 statuamus¹.
1024 1723 1026 1730 .
1515 1641 1518 1760 i

319 1750 360 1813 In
375 1749 523 1812 Francia
536 1772 620 1828 oerc,
640 1747 857 1834 Anpilramno
872 1751 1023 1834 episcopo
1039 1750 1176 1813 Metensi
1191 1757 1317 1834 petente
1325 1757 1347 1826 ²,

229 1855 338 1918 prope
359 1855 451 1918 quem
472 1835 508 1896 in
530 1835 671 1917 quodam
693 1831 784 1898 urbis
799 1836 995 1898 monasterio
1017 1834 1142 1898 diutius
1161 1835 1281 1898 ciuisse
1301 1833 1348 1894 oi-

141 1936 179 1990 ·p.
189 1940 224 1981 ss.
235 1917 358 1998 detur³,
375 1915 473 1980 Gesta
487 1919 619 2001 scripsit
633 1918 854 2002 episcoporum
869 1918 1070 2000 Metensiom,
1093 1940 1175 2002 opos
1191 1917 1249 1980 *od
1260 1917 1348 1979 'imo-

235 2003 344 2088 pinem
367 1999 538 2065 Gestorum
553 2001 748 2085 pontificum
772 2002 995 2065 Romanorum
1022 2011 1224 2086 conceptum,
1253 2003 1348 2086 cujus

235 2083 339 2149 simile
362 2086 408 2148 eis
430 2085 530 2170 Alpes
551 2085 696 2149 nondum
718 2086 879 2167 eostobot,
910 2086 996 2170 quod
1016 2096 1133 2170 posteo
1154 2107 1227 2150 uero
1250 2106 1348 2170 quam

230 2169 372 2253 plunimi
385 2179 462 2232 sunt
475 2170 604 2233 imitati.
638 2168 708 2243 Quo
723 2172 821 2234 etiam
835 2179 871 2233 ut
881 2168 999 2234 Karoli
1013 2194 1066 2234 mo
1076 2173 1161 2250 'ores,
1172 2167 1348 2252 Arnolfum

235 2254 422 2338 episcopum
443 2255 574 2339 ejusque
590 2256 813 2339 propapinem
840 2256 1012 2339 ipsumque
1066 2253 1192 2316 arolum
1213 2252 1348 2317 celebro·

235 2345 292 2418 ret,
315 2347 432 2401 noctus
454 2346 499 2400 est
513 2339 740 2402 occasionem&
782 2338 956 2403 Praeterea
976 2347 1053 2400 tunc
1092 2345 1223 2418 ortasse,
1243 2335 1347 2400 Adol-

235 2421 341 2486 bardo
364 2421 476 2486 abbate
501 2421 684 2509 Corbejensi
696 2423 884 2508 flopitonte,
914 2423 1066 2507 Greporii
1087 2421 1114 2484 I.
1140 2442 1253 2506 popae
1282 2421 1347 2504 epi·

235 2505 335 2570 stolos
351 2506 578 2570 describendos
592 2507 876 2592 emendandosque
896 2508 1045 2590 suscepit,
1067 2505 1124 2570 sed
1142 2503 1348 2591 aspritudine

235 2590 410 2673 impeditus
425 2592 561 2653 nonnisi
571 2591 693 2654 minori
707 2613 821 2655 eorum
830 2592 927 2675 porti
938 2591 1024 2654 bone
1035 2613 1149 2654 curam
1163 2589 1348 2674 impendere

230 2674 371 2756 potuit⁵.
414 2673 597 2756 Epistulam
618 2675 694 2737 buic
716 2673 799 2736 libro
816 2675 1032 2756 praemissam
1053 2697 1093 2738 eu
1108 2675 1216 2738 codice
1239 2673 1348 2736 orcle-

236 2765 327 2842 tppc,
357 2765 434 2818 tunc
455 2757 492 2818 in
513 2755 701 2819 bibliotheca
722 2755 758 2820 S.
782 2755 940 2819 Germani
960 2756 1146 2820 Parisiensi
1172 2766 1348 2838 asservata,

237 2841 332 2924 cujus
343 2837 427 2923 fota
447 2840 614 2920 nescimus,
641 2839 836 2922 descriptam
857 2837 1017 2902 Mobillon
1040 2839 1143 2903 edidit
1158 2849 1286 2923 portem
1309 2863 1348 2902 ue

238 2924 310 2987 oeri
330 2922 474 2986 incidere
487 2923 602 3006 fecit⁶.
648 2921 768 3004 Quom,
798 2945 869 2986 cum
899 2924 1041 2985 auctoris
1070 2925 1155 2986 vitoe
1176 2932 1205 2987 et
1230 2863 1349 2988 studiis

237 3006 338 3071 lucem
361 3004 486 3091 offerat,
509 3007 561 3070 bic
583 3027 708 3091 quoque
728 3005 933 3071 inserendam
955 3006 1120 3071 donimus.

238 3131 260 3184 a)
277 3133 346 3172 lebils
361 3133 430 3181 Iasod.
450 3131 504 3172 Mod.

239 3226 267 3295 1)
287 3227 332 3278 Ito
347 3234 414 3279 recte
424 3227 507 3278 Dabo
517 3244 548 3292 p.
559 3225 594 3276 48
605 3244 642 3293 sp.
660 3227 955 3278 contraBetbmonnum
972 3229 1010 3293 (p.
1022 3228 1073 3278 265
1089 3245 1116 3278 n.
1128 3229 1180 3278 301
1188 3246 1197 3289 ,·
1210 3229 1244 3295 cf.
1261 3236 1347 3282 tamen

232 3319 264 3368 p.
272 3301 334 3351 249.
346 3301 422 3365 272).
449 3300 476 3362 2)
486 3300 550 3350 Hist
559 3299 646 3368 Lanp.
657 3299 703 3363 VI,
714 3303 756 3352 16.
777 3303 803 3365 3)
814 3300 1025 3366 spissatasupra
1035 3300 1208 3367 editoprocul
1216 3302 1296 3354 dubio
1306 3304 1347 3354 bic

236 3374 336 3439 scripto
354 3382 399 3425 est.
439 3372 531 3438 Neque
556 3382 643 3425 tomen
668 3375 739 3426 locus
766 3392 783 3424 o
800 3374 912 3438 Pertaio,
932 3373 982 3426 SS.
996 3373 1037 3438 ΙΙ,
1051 3393 1084 3440 p.
1097 3375 1158 3439 260,
1182 3377 1280 3428 udatus
1300 3377 1346 3442 (ib.

231 3465 263 3514 p.
278 3447 344 3513 263)
358 3448 439 3510 docet,
452 3446 568 3497 Paulum
580 3447 644 3498 dum
657 3448 778 3499 scriberet
796 3448 834 3498 ibi
846 3456 1012 3514 praesentem
1023 3449 1122 3516 fuisse.
1179 3451 1207 3512 4)
1229 3447 1268 3515 CJ.
1279 3467 1348 3516 quoe

237 3521 359 3584 Bennett,
370 3519 493 3588 Anfdnqe
499 3537 529 3586 p.
537 3521 581 3584 45,
595 3529 686 3571 contro
695 3521 889 3572 Betlsmonnum
893 3539 924 3588 p.
934 3523 995 3584 266,
1009 3520 1055 3588 qui
1068 3523 1146 3573 etiam
1156 3521 1252 3573 altiora
1261 3523 1347 3574 Paulo

237 3594 351 3646 tribuere
373 3597 492 3645 coluerat
518 3593 636 3657 consilia,
662 3595 770 3646 monuit.
809 3594 884 3646 Inter
906 3595 1022 3663 poeticen
1046 3594 1141 3646 Koroli
1161 3597 1241 3662 facto
1270 3597 1348 3648 etiam

237 3666 475 3734 Lonpcbordcrum
493 3667 674 3735 subjectionem
692 3675 806 3720 recenset
823 3676 847 3720 et
867 3671 1022 3720 ‘elementem
1039 3669 1109 3735 repis
1127 3669 1346 3733 moderationem,

238 3757 293 3808 quo
319 3740 463 3792 ‘uictoriam
482 3739 652 3807 temperavit,
675 3741 823 3806 praedicat.
927 3741 956 3808 5)
980 3741 1059 3792 Totus
1078 3742 1203 3807 epistolae
1222 3751 1303 3806 tenor,
1324 3752 1348 3792 et

239 3815 346 3881 sinpulo
364 3815 458 3876 uerba,
486 3823 515 3864 ut
541 3815 648 3866 ‘Paulus
673 3815 801 3882 supplex',
822 3832 890 3881 quoe
909 3815 942 3866 de
961 3831 988 3866 se
1007 3816 1140 3882 ‘paupere’
1159 3815 1256 3876 scribit,
1276 3815 1347 3880 quod

237 3887 365 3938 Mosellae
383 3885 537 3939 mentionem
548 3888 628 3952 facit,
647 3905 748 3940 omnem
766 3887 954 3939 dubitationem
973 3889 1074 3950 tollunt,
1094 3887 1159 3953 quin
1177 3888 1280 3938 Paulus
1305 3887 1347 3938 bie

237 3977 331 4012 resero
342 3970 430 4012 noster
441 3959 476 4011 sit
490 3959 646 4014 Casinensis.
684 3961 821 4024 Mobillon,
835 3960 907 4012 Anu.
921 3959 962 4024 II,
975 3978 1001 4025 p.
1016 3961 1078 4023 284,
1097 3961 1184 4026 ipsum
1190 3962 1248 4028 jam
1261 3977 1348 4012 senem

237 4035 266 4085 in
279 4050 327 4084 suo
339 4033 496 4086 monasterio
510 4035 557 4086 boc
571 4052 637 4100 opus
650 4036 801 4100 suscepisse,
823 4033 946 4100 opinatus
960 4043 1004 4084 est.
1045 4032 1116 4086 Certe
1128 4032 1205 4084 nimis
1220 4033 1348 4085 audacter

237 4107 389 4160 Betbmann
402 4126 434 4174 p.
453 4107 515 4159 298.
536 4109 672 4174 epistolam
691 4109 727 4159 od
740 4108 878 4159 Mosellam
896 4105 1021 4172 sumptam
1040 4107 1179 4157 contendit.
1216 4106 1305 4158 Rheni
1323 4115 1348 4158 et

237 4181 364 4232 Mosellae
382 4179 536 4234 mentionem
555 4181 633 4232 etiam
646 4189 742 4246 posteo
752 4182 847 4246 facere
861 4187 982 4245 poterat·
1000 4179 1047 4231 sed
1065 4181 1176 4246 ‘pauper
1194 4185 1221 4231 et
1240 4181 1283 4230 cni
1301 4179 1347 4231 de·

238 4260 299 4306 sunt
316 4255 425 4306 librarii'
445 4255 564 4322 fortasse
588 4254 672 4320 mapis
697 4253 786 4304 itineri
805 4253 905 4304 Gallico
932 4269 1011 4318 quom
1035 4252 1191 4303 monasterio
1212 4251 1348 4304 Oasinensi

238 4327 403 4380 conueniunt.
441 4325 616 4379 Adalhordus
634 4327 690 4392 ipse
704 4327 870 4392 aliquamdiu
890 4334 950 4376 ante
963 4342 988 4376 a.
1004 4325 1064 4376 780.
1078 4324 1119 4376 bic
1131 4326 1273 4378 monacbus
1290 4343 1347 4378 ser·

237 4409 311 4452 sotus
321 4409 365 4466 est,
381 4400 441 4452 Vita
451 4418 473 4452 c.
488 4402 530 4464 12,
544 4397 594 4451 88.
604 4399 644 4463 ΙΙ,
652 4417 684 4466 p.
695 4399 747 4450 626
754 4417 763 4460 ;
774 4400 808 4466 ef.
819 4398 921 4450 Mobill.
932 4396 1003 4451 Anu.
1011 4398 1051 4462 ΙΙ,
1060 4416 1090 4465 p.
1103 4399 1165 4450 252.
1204 4398 1232 4466 6)
1246 4400 1347 4465 ActaI,
