2994 4998
264 417 319 467 190
423 413 534 469 PAUL'I
553 418 727 470 HISTORIA
746 417 1082 472 LANGOBARDORUM.
1119 421 1192 474 LIB.
1210 422 1244 473 V.

264 581 444 648 Romualdo
475 593 715 669 pugnaturum³
742 584 959 670 victoremque
986 587 1168 672 spopondit.
1218 587 1399 668 Quicum

265 676 397 752 accepto
419 669 582 732 exercitui
604 667 646 732 ad
667 666 774 732 locum
796 669 848 732 cui
870 669 1064 744 rennuere,
1078 691 1196 736 nomen
1217 681 1265 737 est
1285 672 1393 738 adve-

264 751 363 814 nisset
383 749 494 836 ibique
515 759 620 815 castra
640 753 809 838 posuisset,
839 751 1025 834 (immuabi,
1054 755 1110 839 qui
1130 755 1196 818 iam
1216 755 1394 822 Beneven-

263 843 332 898 tum
361 834 541 918 advenerat,
567 833 647 899 haec
675 835 816 912 audiens,
845 845 956 900 contra
984 858 1057 901 eum
1082 838 1245 936 proficisci
1272 839 1396 905 voluit.

265 916 327 982 Oui
357 916 442 982 filius
470 917 648 983 Romuald:
680 918 763 983 ‘Non
795 929 843 984 est
875 917 974 1004 opus',
1006 920 1124 1006 inqu1t3
1158 922 1225 986 ‘sed
1256 930 1391 988 tantum

263 1009 388 1088 partem
408 1001 502 1066 nobis
525 1000 565 1066 de
586 1003 750 1067 exerciub
765 1011 871 1067 vestro
892 1003 1032 1068 tribuite.
1074 1004 1146 1090 Ego
1160 1005 1233 1070 Deo
1253 1005 1391 1072 favente

263 1105 338 1150 cum
352 1106 390 1150 eo
410 1085 578 1170 pugnabo;
601 1093 721 1149 etcum
734 1087 852 1168 vicero,
873 1087 976 1150 maior
994 1088 1105 1174 utique
1119 1087 1238 1174 gloriad
1258 1100 1392 1155 vestrae

262 1170 423 1254 potentiae
450 1167 666 1233 adscribetur.
714 1169 915 1256 Factumque
944 1179 1006 1252 est3
1039 1179 1071 1235 et
1095 1181 1248 1257 acceptae
1274 1172 1392 1260 aliqua

262 1261 353 1338 parte
375 1251 416 1315 de
437 1251 537 1336 patris
559 1252 712 1333 exercitu,
732 1253 914 1351 pariterque
934 1275 1009 1317 cum
1024 1255 1089 1318 suis
1111 1254 1293 1320 hominibus
1309 1278 1389 1321 con-

261 1345 311 1400 tra
333 1333 511 1400 Saburram
535 1334 756 1420 proficiscitur.
807 1336 872 1416 Qur
892 1337 1080 1422 priusquam
1100 1337 1219 1404 bellum
1248 1361 1323 1403 cum
1346 1363 1391 1405 eo

261 1418 365 1500 iniret,
388 1441 408 1482 a
429 1427 579 1504 quattuor
599 1416 744 1504 partibus
765 1420 859 1485 tubas
879 1420 1027 1484 insonare
1053 1422 1217 1507 praecepit
1241 1445 1390 1509 moxque

263 1523 360 1587 super
387 1523 443 1566 eos
465 1501 638 1566 audenterf
662 1502 792 1588 imupit.
836 1501 984 1590 Cumque
1005 1513 1180 1592 utraeque&
1200 1508 1284 1570 acies
1305 1505 1386 1572 forti

261 1585 436 1649 intentione
464 1594 657 1710 pugnarent,
686 1594 762 1650 tunc
789 1608 872 1650 unus
899 1587 939 1652 de
969 1589 1055 1673 regis
1082 1589 1226 1653 exercitu
1252 1591 1387 1654 nomine

261 1665 463 1752 Amalongus
493 1716 503 1749 ,
532 1669 586 1755 qui
615 1670 740 1754 regium
761 1672 910 1734 contum*
941 1669 1025 1736 ferre
1047 1681 1115 1736 erat
1135 1671 1255 1755 solitus,
1283 1694 1386 1759 quen·

263 1751 338 1816 dam
371 1750 544 1816 Graculum
548 1799 569 1838 s
584 1751 697 1817 eodem
724 1753 865 1818 contuloi
904 1755 1047 1840 utrisque
1079 1756 1227 1822 manibus
1258 1754 1386 1820 fortiter

260 1835 452 1919 percutiens,
475 1834 515 1899 de
537 1834 613 1900 sella
640 1857 737 1922 super
761 1838 879 1923 quamk
901 1839 1064 1924 equitabat
1089 1837 1216 1904 sustulit
1244 1861 1318 1904 eum
1342 1862 1386 1905 ue
1493 1853 1494 1924 ᾖ

261 1919 296 1981 in
316 1919 407 1981 aera¹
433 1940 529 2017 super
555 1927 651 2005 caput
676 1932 799 1984 suumm
821 1920 947 1988 levavit.
997 1921 1112 2002 Quodn
1139 1944 1272 1987 cernens
1333 1945 1384 1988 re-

262 2022 374 2066 corum
403 2012 576 2084 exorsus,
603 2024 681 2067 mox
706 2004 852 2068 inmenso
879 2026 999 2089 pavore
1044 2006 1250 2070 erterritusin
1270 2005 1382 2090 fugam

262 2085 466 2166 convertitur,
489 2084 664 2173 ultimaque
709 2087 827 2152 ernicie
842 2109 964 2171 caesus,
987 2027 1049 2153 sibi
1069 2089 1213 2176 fugiens⁰
1235 2100 1379 2172 mortem,

261 2166 438 2232 Romualdo
461 2179 493 2234 et
513 2169 685 2255 Langobar
709 2171 735 2234 ‘s
755 2171 923 2235 victoriam
951 2173 1086 2258 peperit.
1129 2172 1179 2236 Ita
1209 2170 1379 2256 Sabunus,

262 2253 317 2338 qui
346 2274 380 2316 se
405 2253 590 2339 imperatori
619 2274 676 2317 suo
705 2254 857 2319 victoriae
887 2263 1055 2353 tropeuml²
1090 2255 1130 2320 de
1159 2255 1381 2342 Langobardis

282 2335 449 2400 remiserat
492 2345 595 2401 atrare
627 2336 758 2401 adeum
774 2359 973 2423 cumpaucrs
994 2360 1148 2421 remeans,
1169 2340 1380 2424 ignominiam

210 2415 218 2432 ⁸
260 2357 456 2505 Seportaviu
468 2359 630 2484 itomuaid
644 2441 730 2503 vero,
744 2430 871 2505 patrata
885 2423 925 2487 de
935 2422 1074 2486 inimicis
1089 2423 1255 2506 victorias,
1276 2423 1377 2488 Bene-

260 2511 392 2568 ventum
405 2503 605 2588 triumphans
626 2525 774 2568 reversus
789 2512 837 2569 est
857 2507 1004 2592 patrique
1025 2507 1180 2591 gaudium
1201 2517 1233 2572 et
1254 2507 1379 2572 cunctis

260 2587 475 2668 secmitatem,
497 2585 621 2652 sublato
642 2585 782 2652 hostium
802 2589 926 2671 timore,
948 2590 1086 2654 convexi
1101 2590 1145 2653 .**

145 2695 248 2748 ocant
345 2671 393 2733 11.
437 2671 483 2734 At
508 2691 585 2734 vero
618 2669 775 2736 Constans
807 2681 961 2757 augustus
993 2695 1067 2736 cum
1094 2670 1174 2737 nihil
1202 2693 1236 2737 se
1268 2681 1379 2736 contra

259 2751 490 2838 Langobardos
521 2755 658 2836 gessisse
690 2755 921 2840 conspicerem,
960 2777 1069 2820 omnes
1110 2756 1260 2820 saevitiae
1300 2778 1375 2820 suae

259 2837 363 2900 minas
378 2845 488 2900 contra
503 2857 588 2920 suos,
609 2837 670 2902 hoc
685 2847 733 2902 est
746 2839 919 2920 Romanos,
940 2840 1076 2903 retorsit.
1108 2839 1192 2904 Nam
1207 2851 1374 2924 egressus²

259 2918 328 2982 Nea
352 2918 459 3001 olim⁸‚
479 2920 615 2984 Romam
642 2922 794 3006 perrexit.
847 2921 909 2986 Oui
935 2930 1025 2986 sexto
1054 2922 1096 2987 ab
1129 2923 1208 2988 urbe
1240 2921 1375 2987 miliario

258 3001 301 3066 Vi
346 3003 439 3065 ianus
453 3023 537 3088 papa
552 3025 626 3068 cum
647 3003 865 3069 sacerdotibus
881 3015 912 3070 et
925 3005 1070 3070 Romano
1091 3004 1211 3092 populo
1228 3006 1374 3069 occurrit

260 3083 340 3164 Quis
361 3094 515 3170 augustus
537 3109 611 3152 cum
631 3087 673 3152 ad
694 3087 780 3152 beati
798 3088 886 3152 Petri
906 3086 1016 3151 limina
1036 3091 1241 3174 pervenisset,
1264 3086 1378 3174 optulit

291 3266 354 3336 ')L
375 3273 389 3320 1
411 3273 490 3326 ada.-
511 3291 590 3341 quam
609 3275 690 3342 vulgo
709 3273 826 3326 vandum
844 3276 916 3340 regis
936 3275 1058 3328 dicimus.

277 3339 312 3411 ”J
331 3345 355 3396 A
375 3345 391 3396 6
410 3347 494 3398 malta
511 3347 604 3400 inserit
623 3363 655 3399 ca
680 3346 741 3398 Vita
758 3345 787 3400 δ’.
806 3346 932 3399 Barbati:
964 3349 1140 3401 Beatissimus
1158 3365 1221 3402 vero
1239 3350 1371 3402 Barbatus

334 3445 365 3456 ·-
386 3421 521 3486 migravit.

259 3587 281 3634 a)
298 3593 441 3638 pugnaturus
457 3591 506 3632 At.
567 3587 592 3641 b)
609 3590 735 3631 exercitum
750 3591 798 3631 ΡΙ.
845 3588 866 3644 c)
882 3591 987 3632 Foranus
1002 3592 1044 3634 11.
1105 3589 1129 3643 (1)
1145 3593 1235 3642 glorias
1251 3588 1373 3634 ΜΗ.

259 3644 281 3697 a)
298 3652 416 3698 acceptam
436 3649 538 3697 aliquam
561 3651 650 3696 partem
673 3647 694 3690 G
708 3650 730 3690 4.
805 3647 961 3700 Gaudtentcr
984 3649 1076 3693 (11.1.
1151 3649 1175 3702 g)
1191 3655 1288 3700 numne
1302 3649 1324 3690 A
1339 3646 1371 3693 ⁸8.

258 3704 280 3744 D
296 3705 322 3756 ²3
338 3711 436 3754 utreque
451 3707 470 3744 P
486 3707 510 3754 13
525 3706 581 3744 dccc
597 3705 624 3746 G.
643 3729 669 3737 -
684 3711 798 3756 pugnaret
811 3709 830 3746 F
847 3709 868 3749 1.
885 3707 915 3749 G.
974 3705 999 3760 h)
1012 3707 1155 3758 amalungus
1172 3709 1191 3748 G
1207 3709 1245 3758 δας
1260 3707 1373 3750 Amalun-

258 3765 334 3811 ειη
352 3767 371 3804 1.
432 3761 450 3814 1)
467 3767 537 3803 contu
558 3765 579 3804 D
595 3765 635 3815 1⁸5
658 3765 713 3808 Pl.
728 3762 759 3806 ’1.
783 3763 1005 3816 G1.s.·a,s.4;
1027 3767 1371 3812 captonnacum.

257 3821 416 3874 111113,
433 3831 515 3862 ccorr.
538 3823 601 3872 1)1;
624 3827 724 3864 comtum
739 3835 796 3866 corr.
812 3828 887 3866 comto
906 3825 926 3864 Ε
943 3827 964 3865 1.
1039 3823 1064 3877 k)
1081 3835 1149 3874 quem
1172 3824 1193 3865 Δ
1208 3827 1229 3867 t.
1245 3827 1264 3865 B
1282 3827 1301 3867 1.
1315 3826 1335 3866 P
1351 3827 1372 3865 1.

258 3878 279 3919 G
295 3882 315 3919 1.
333 3881 353 3920 t.
370 3875 402 3920 ’8.
419 3879 440 3920 8.
515 3877 532 3931 l)
549 3891 604 3922 arca
626 3883 646 3922 Α
662 3883 689 3932 83
717 3886 781 3922 aeret
801 3883 821 3922 P
837 3884 857 3925 1.
937 3881 970 3934 m)
986 3883 1041 3922 dam
1065 3883 1123 3925 G4.
1196 3882 1221 3935 n)
1238 3883 1289 3932 Quo
1313 3884 1369 3924 rt.

257 3935 279 3988 o)
295 3937 406 3986 fugiendo
422 3937 447 3979 G.
461 3937 491 3979 D.
510 3937 639 3984 G50.11.
655 3941 676 3983 8.
736 3939 761 3992 p)
777 3941 873 3991 tropheo
889 3939 910 3982 G
925 3941 946 3983 ³.
962 3941 984 3982 4.
1045 3939 1202 3994 &victoriam
1218 3942 1243 3984 0.
1262 3942 1371 3994 1.1.(1;

257 3994 422 4046 qacdscrtcssc
436 3997 579 4046 recipiendum
594 4003 648 4042 crat.
708 3996 729 4050 r)
745 3999 911 4051 conspiceret*
927 4001 947 4041 1.
1007 3997 1027 4052 s)
1044 4011 1059 4040 a
1072 4000 1100 4042 N.
1117 3999 1137 4040 G
1153 4001 1174 4042 3.
1192 4023 1218 4032 -
1233 4000 1306 4042 Roma
1320 4002 1369 4044 sl.

256 4053 274 4105 t)
292 4054 352 4102 Quia
366 4054 385 4094 E·
401 4057 422 4096 1.

258 4204 287 4272 1)
306 4201 406 4257 For-iao
424 4205 493 4260 iuter
505 4202 625 4258 Ascli-too
639 4214 663 4258 et
677 4205 791 4260 Nocere.
830 4265 834 4273 ,
866 4206 895 4273 2)
914 4205 1058 4273 Sequentia
1077 4223 1108 4258 aa
1122 4206 1155 4258 G.
1170 4214 1245 4273 pout.
1271 4205 1367 4269 Vtut,-

257 4279 402 4344 antiquitus
425 4280 563 4344 instituta3
589 4295 657 4346 quae
684 4305 718 4316 -
738 4284 896 4346 martyrum
919 4279 1052 4347 imperiali
1071 4281 1145 4331 iussu
1170 4285 1197 4330 et
1222 4281 1366 4332 Grecorum

257 4353 383 4416 avaritia;
403 4353 452 4404 sad
474 4379 504 4389 -
524 4351 586 4416 luit3
607 4368 624 4402 a
642 4353 697 4404 suis
716 4360 740 4405 ct
759 4351 816 4404 clia
834 4351 940 4419 cingula
957 4351 1039 4405 acrba
1058 4351 1164 4404 addidit
1182 4352 1295 4405 Paulus.
