2994 4998
264 409 316 460 188
421 410 531 461 PAULI
551 409 723 461 HISTORIA
743 409 1076 463 LANGOBARDORUM.
1114 409 1185 459 LIB.
1205 411 1240 460 V.

261 575 386 658 ndum,
409 576 558 640 ducatum
574 577 711 641 tenebat.
745 577 809 657 Qui
824 577 930 641 statim
945 587 980 642 ut
994 577 1038 639 im
1063 577 1194 640 cratoris
1206 574 1391 641 adventum

262 661 423 745 cognovit,
454 660 625 724 nutricium
653 682 746 724 suum
777 662 904 724 nomine
937 597 1148 725 sesualdumb
1181 659 1223 723 ad
1254 670 1389 746 patrem

263 742 485 808 Grimualdum
506 753 593 806 trans
614 744 738 808 Padum
762 743 887 825 direxit,
909 744 1089 824 obsecrans,
1112 753 1166 807 ιιιο
1188 745 1390 830 quantocius

261 829 384 891 veniret
409 826 538 911 filioque
571 847 629 890 suo
660 849 698 890 ac
729 828 974 909 Beneventanis,
1008 849 1089 912 quos
1121 828 1191 912 ipse
1216 828 1389 909 nutrierat,

260 919 406 996 potenter
431 919 640 974 succurreret.
673 911 790 991 Quod‘¹
819 910 988 975 Grimuald
1016 932 1075 974 rex
1101 910 1245 993 audiens,
1272 912 1387 974 statim

262 1016 336 1057 cum
364 995 508 1058 exercitu
537 992 602 1057 filio
634 992 756 1058 laturus
788 993 964 1058 auxilium⁰
993 994 1213 1058 Beneventum
1245 1017 1388 1080 pergere

262 1079 376 1163 coepit.
421 1078 525 1158 Quem
546 1076 652 1163 plures
674 1101 716 1142 ex
726 1077 948 1162 Langobardis
963 1079 996 1140 in
1018 1079 1130 1141 itinere
1152 1077 1386 1164 relinquentes,

262 1161 304 1225 ad
314 1162 444 1247 propria
455 1171 645 1242 remearunt,
654 1161 805 1242 dicentes,
817 1163 893 1247 quia
904 1160 1097 1246 expoliasset
1107 1159 1261 1259 palatium
1273 1171 1305 1226 et
1315 1162 1387 1224 iam

262 1266 327 1308 non
347 1267 532 1309 reversurus
554 1245 728 1328 repeterets
748 1245 979 1308 Beneventum.
1020 1245 1152 1308 interim
1179 1245 1385 1329 imperatoris

265 1330 423 1394 exercitus
449 1329 668 1392 Beneventum
696 1328 831 1392 diversis
859 1328 1014 1392 machinis
1048 1327 1253 1392 vehementer
1280 1350 1385 1412 expu-

148 1438 253 1492 ⁸1³·148·
309 1413 392 1494 abat,
415 1413 562 1476 econtra*
584 1410 761 1475 *Romuald
783 1433 855 1474 cum
870 1411 1091 1495 Langobardis
1112 1411 1236 1476 fortiter
1255 1413 1385 1476 resiste-

263 1435 348 1560 ddtss.
393 1496 458 1575 Qui
479 1497 624 1581 quamvis
647 1497 743 1558 cumh
764 1504 852 1560 tanta
873 1494 1073 1559 multitudine
1096 1494 1248 1580 congredi
1268 1496 1385 1558 manui

262 1579 304 1643 ad
331 1601 463 1641 manum
483 1588 615 1664 propter
642 1579 836 1663 paucitatem
865 1581 1025 1643 exercitus
1053 1601 1118 1643 non
1146 1578 1286 1660 auderet,
1319 1579 1384 1642 fre-

263 1672 398 1748 quenter
410 1671 519 1725 tamen
534 1683 606 1724 curn
629 1663 786 1786 expeditis
807 1661 976 1728 iuvenibus
990 1662 1130 1726 hostium
1144 1671 1249 1726 castra
1262 1663 1385 1725 inrum-

261 1767 351 1894 ppns,
379 1766 512 1830 magnas
545 1745 666 1810 eisdem
716 1745 872 1811 inferebat
899 1746 1041 1832 undique
1071 1745 1188 1810 clades.
1230 1745 1383 1845 Cumque

295 1827 448 1909 rimuald,
478 1829 546 1892 eius
573 1839 673 1915 pater,
702 1829 846 1914 iamque¹
892 1852 927 1892 ro
952 1837 1093 1910 eraretffl,
1123 1829 1259 1894 eundem
1280 1840 1383 1893 nutri-

263 1913 351 1977 cium
366 1913 444 1994 eius,
467 1911 507 1975 de
523 1933 587 2010 quo
602 1913 833 1996 praemisimus,
848 1853 891 1976 ad

939 1916 1006 1977 ium
1020 1913 1117 1994 misit,
1140 1914 1219 2000 quin
1235 1915 1265 1977 ei
1281 1935 1378 1976 suum

263 1995 435 2059 adventum
454 2007 623 2060 nuntraret.
668 1996 830 2076 Quicum
874 2019 952 2081 rope
973 1997 1195 2062 Beneventum
1222 1997 1381 2078 venisset,

262 2101 282 2142 a
311 2079 424 2143 Grecis
454 2089 566 2165 captus
595 2081 780 2165 imperatori
810 2018 932 2144 delitus
954 2089 1011 2144 est.
1056 2081 1141 2160 Qui⁰
1163 2082 1204 2145 ab
1227 2102 1264 2144 eo
1293 2081 1380 2145 unde

262 2162 444 2227 advenirem
467 2164 642 2248 requirenS,
669 2162 721 2227 ille
744 2185 777 2227 se
800 2184 819 2226 a
842 2163 1029 2228 Grimualdo
1058 2186 1134 2249 rege
1161 2165 1270 2228 venire
1298 2164 1382 2228 dixit

262 2245 462 2332 eundemque
496 2261 625 2333 regemi
655 2248 748 2311 citius
777 2247 947 2311 adventare
976 2248 1143 2312 nuntiavit.
1200 2247 1381 2333 Statimque

262 2331 435 2416 imperator
456 2332 635 2413 exterritus,
659 2329 828 2394 consilium
851 2351 924 2393 cum
946 2333 1010 2394 suis
1031 2331 1112 2412 iniit,
1134 2340 1290 2417 quatenus
1306 2352 1381 2394 cum

261 2412 459 2478 Romuaidor
479 2415 704 2498 pacisceretur,
726 2422 781 2476 uts
803 2413 972 2500 Neapolim
994 2415 1096 2500 possit
1116 2415 1232 2479 reverti
1241 2419 1259 2477 ⁸.

346 2496 375 2560 8.
418 2497 648 2583 Acceptaqueu
674 2496 785 2560 obside
800 2497 971 2561 Romualdi
993 2511 1163 2579 sororemt,
1187 2499 1238 2561 cui
1258 2520 1376 2562 nomen

263 2578 343 2644 Gisa
368 2579 444 2662 fuit,
473 2601 546 2644 cum
576 2580 687 2646 eodem
716 2601 829 2666 pacem
851 2581 936 2646 fecit.
979 2581 1079 2645 Eius1
1107 2603 1184 2646 vero
1205 2584 1379 2646 nutricium

294 2757 317 2827 *)
337 2761 361 2812 A
381 2761 397 2809 6
418 2778 450 2812 aa
471 2761 529 2811 cita
548 2759 578 2811 S.
596 2760 712 2811 Barbati
736 2763 794 2812 o.4
822 2779 877 2829 sqq.
903 2763 967 2814 baec
996 2761 1148 2827 ampliavit:
1180 2762 1216 2812 At
1235 2768 1327 2814 contra
1345 2763 1381 2816 R.

338 2850 396 2884 cum
416 2833 610 2898 Langobardis,
630 2839 660 2885 ut
679 2841 736 2886 erat
755 2839 939 2901 magnanimus
956 2843 983 2887 et
1000 2837 1191 2902 imperterritus
1210 2863 1246 2872 -
1265 2835 1380 2887 revoluti

336 2922 397 2958 suos
417 2906 517 2956 adeunt
534 2905 610 2958 fines.

263 3068 285 3119 a)
302 3070 334 3108 ita
349 3067 370 3107 A
388 3070 407 3109 1.
425 3069 445 3108 i.
468 3069 489 3108 D
506 3071 526 3110 1.
549 3071 568 3110 Ε
586 3072 606 3110 1.
631 3071 651 3112 G
668 3074 687 3112 1.
705 3073 725 3112 2.
742 3070 777 3122 '33
801 3072 925 3112 iubeuulus
940 3071 958 3110 F
975 3072 999 3119 13
1021 3071 1142 3111 insecutus
1158 3070 1178 3110 A
1194 3070 1219 3120 ³3
1242 3070 1380 3110 iuvenculas

263 3127 281 3169 G
298 3129 318 3167 1.
335 3127 356 3166 2.
372 3127 393 3165 D
411 3127 431 3166 i.
449 3127 469 3177 8,
485 3128 531 3166 atii.
590 3128 614 3180 b)
630 3131 662 3169 ita
678 3131 703 3171 G.
718 3133 745 3172 F.
761 3131 782 3172 G
798 3132 818 3172 tt.
835 3132 862 3180 43
878 3130 1013 3170 Sesoaldam
1029 3131 1048 3168 A
1065 3131 1085 3179 1,
1101 3130 1151 3178 atti,
1167 3129 1310 3169 Seswaldam
1326 3128 1378 3170 Gl.

263 3187 335 3234 2.5c;
352 3184 481 3226 sinoaldum
496 3187 547 3227 Da.
608 3187 628 3238 e)
646 3200 697 3229 eum
713 3195 739 3229 ut
753 3191 779 3231 F.
790 3189 817 3230 G.
834 3190 875 3230 12.
893 3189 913 3228 8.
972 3187 1328 3239 d)rsooum(v]11)cap.ina.A
1343 3185 1376 3228 ⁸8.

262 3243 284 3295 e)
301 3244 389 3283 auxillo
405 3244 426 3283 A
442 3246 463 3286 2.
536 3244 676 3297 Οιοροιειο
692 3249 709 3287 F
727 3251 746 3290 1.
822 3246 846 3298 g)
863 3247 984 3287 resistebat
1009 3268 1034 3278 -
1059 3247 1198 3296 paucitatem
1221 3247 1245 3286 ia
1261 3246 1379 3295 ersmplssrs'

262 3303 320 3353 quod
334 3301 394 3342 codd.
418 3303 444 3343 F.
469 3301 496 3343 G.
521 3303 642 3345 taceas·
657 3311 708 3345 arsat
723 3307 846 3356 defiierunt.
885 3307 912 3345 Ira
934 3306 952 3345 F
971 3307 981 3344 1
998 3310 1105 3344 corrector
1120 3307 1189 3344 erasis
1204 3305 1313 3344 vocabulis
1328 3315 1376 3345 non

262 3362 383 3403 auderetet
398 3363 442 3401 alto
457 3363 601 3412 supplemento
617 3365 679 3416 (fort.
696 3369 801 3404 metuens
816 3365 930 3404 exercitus
948 3364 1056 3412 congredi
1065 3374 1112 3403 non
1127 3365 1229 3410 auderet,
1244 3364 1377 3414 assidetur)

261 3425 372 3472 apuacto,
387 3421 503 3470 supplevit:
520 3423 647 3464 resistebat.
678 3423 723 3470 Qui
740 3445 766 3454 -
783 3433 829 3462 non
845 3424 952 3472 auderet3
967 3423 985 3461 F
1002 3419 1025 3461 '2
1040 3423 1135 3471 scripsit:
1159 3427 1182 3462 et
1198 3426 1278 3462 contra
1292 3423 1376 3462 Romu·

261 3480 338 3519 aidum
355 3490 375 3519 o.
391 3479 418 3519 L.
436 3479 453 3522 f.
468 3481 582 3520 exercitus
598 3492 645 3521 non
661 3483 768 3530 anderets
783 3483 794 3520 1
810 3483 837 3522 s:
853 3482 945 3522 fortiter
960 3483 1063 3520 exerceri
1079 3491 1126 3520 non
1142 3481 1250 3531 anderen
1265 3481 1284 3520 F
1299 3481 1377 3530 epar

260 3539 350 3578 fortiter
365 3539 466 3578 inseruit:
490 3542 512 3580 et
527 3540 546 3578 si
561 3541 646 3590 palam;
659 3541 678 3580 F
694 3540 707 3580 5
723 3541 783 3590 lapis:
800 3541 851 3580 fort.
865 3540 994 3581 resistebat.
1029 3539 1073 3580 Sed
1090 3550 1141 3579 cum
1157 3540 1283 3580 exercitum
1299 3539 1377 3579 admo-

259 3607 315 3638 vere
331 3607 378 3636 non
394 3598 501 3647 auderet;
517 3594 641 3642 Gistate
658 3609 709 3638 cum
724 3599 814 3638 fortiter
828 3599 942 3638 exercitus
959 3609 1005 3638 non
1021 3599 1125 3647 auderet3
1142 3597 1193 3638 Gt.
1204 3599 1245 3638 ta:
1260 3599 1376 3638 exercitus

261 3655 397 3708 (exercitam
413 3655 450 3706 ba)
474 3657 618 3705 imperatoris
634 3658 808 3708 demoliebatur,
832 3658 866 3696 iis
886 3661 965 3697 tamen
980 3659 1006 3696 ut
1020 3658 1045 3696 in
1061 3667 1099 3696 eos
1116 3667 1167 3696 oum
1184 3657 1308 3707 expeditius
1325 3655 1374 3696 Gi

259 3715 336 3754 inleso
351 3726 403 3754 raso
418 3715 464 3754 atta
478 3725 558 3754 manu:
575 3726 626 3754 eum
642 3717 703 3756 iores
718 3717 846 3758 exercitum
860 3717 987 3766 producere
1002 3726 1050 3755 non
1064 3715 1167 3755 auderet.
1226 3713 1250 3763 b)
1264 3718 1313 3754 tum
1322 3715 1343 3754 A
1354 3715 1376 3758 Β.

259 3771 277 3823 i)
294 3784 388 3813 manum
404 3784 474 3813 manu
490 3773 510 3812 A
526 3773 548 3813 8.
606 3772 631 3824 k)
648 3775 682 3814 eis
696 3775 716 3814 B
733 3777 752 3814 1.
819 3773 836 3826 l)
853 3775 900 3814 iam
920 3775 974 3814 Μ
993 3773 1024 3823 G3
1047 3775 1139 3823 iamque
1154 3785 1211 3814 corr.
1233 3774 1374 3822 iamiamque

259 3833 280 3872 D
298 3834 319 3872 1.
335 3833 353 3872 F
371 3834 391 3882 1,
414 3837 433 3871 st
447 3833 479 3870 ita
494 3832 557 3871 ceteri
577 3832 605 3873 D.
631 3833 651 3872 A
668 3834 731 3874 2-6.
752 3835 772 3874 Β
789 3835 810 3874 1.
828 3836 862 3873 la.
879 3835 898 3876 2.
920 3833 940 3873 F
955 3833 975 3873 5.
990 3833 1019 3872 Η.
1094 3832 1126 3886 ιιι)
1142 3833 1308 3882 propinquaret
1322 3832 1343 3870 D
1362 3834 1373 3871 1

259 3901 349 3939 ecorr,
365 3895 384 3928 et
398 3891 430 3930 ita
445 3891 508 3930 ceteri
521 3891 550 3931 D.
566 3891 588 3930 H
604 3893 628 3940 13
642 3893 820 3942 propinquasset
835 3892 852 3933 G
869 3893 890 3934 2.
950 3889 1098 3942 n)queF1.
1158 3890 1181 3942 o)
1197 3891 1242 3938 Qui
1258 3891 1376 3938 -requi-

259 3959 312 3989 rens
328 3949 371 3988 des.
387 3949 407 3989 A
425 3952 447 3990 1.
464 3950 484 3988 2.
552 3947 576 4001 p)
593 3950 725 3991 advenisset
741 3950 762 3991 G
777 3951 798 3992 8.
814 3951 842 3995 ts
864 3951 955 3992 veniret
977 3951 1033 3990 At.
1050 3950 1072 3989 8.
1088 3950 1109 3992 4.
1126 3949 1146 3990 6.
1163 3950 1228 3990 Dla.
1247 3948 1372 3990 2.³.F1.

258 4005 325 4048 F't.
341 4007 361 4044 4.
378 4007 398 4048 5.
416 4006 437 4047 G
451 4009 486 4050 bo.
502 4007 513 4046 1
531 4008 586 4048 Μ,
603 4011 623 4050 1.
676 4008 699 4060 q)
717 4021 771 4060 rege
786 4010 805 4050 F
822 4011 842 4048 1.
894 4007 914 4060 r)
930 4009 1060 4049 Romualdo
1075 4009 1114 4048 troc
1128 4009 1173 4048 loeo
1190 4007 1210 4048 G
1228 4010 1247 4049 1.
1292 4006 1312 4058 ι)
1328 4009 1374 4047 eti

257 4065 379 4114 Neapolim
396 4064 415 4104 A
432 4067 452 4106 i.
512 4064 530 4116 t)
546 4068 651 4108 revenire
666 4069 713 4109 Fl.
773 4066 797 4120 ιι)
813 4067 915 4118 Accepta
930 4077 1021 4118 quoque
1037 4067 1086 4108 AF.
1145 4065 1169 4119 v)
1185 4068 1217 4107 ita
1232 4066 1273 4107 Al
1290 4076 1376 4118 asom,

259 4124 324 4166 2-5.
339 4124 358 4163 B
376 4125 396 4166 1.
413 4125 433 4164 2.
451 4123 468 4166 0
485 4125 504 4166 1.
521 4125 542 4164 D
560 4128 579 4165 1.
595 4127 613 4166 F
631 4128 650 4169 1.
669 4126 690 4168 G
707 4130 725 4168 i.
742 4128 762 4167 2.
779 4123 815 4178 ’ὃς
831 4137 896 4168 soror
912 4127 932 4168 G
948 4127 973 4176 ὃς
989 4136 1067 4166 sorore
1082 4127 1152 4166 retem.

260 4271 289 4339 1)
309 4273 371 4324 Nori
400 4272 462 4326 berse
481 4273 531 4326 sibi
549 4275 687 4328 cohaerere
705 4274 788 4326 Pauli
805 4274 994 4338 narrationem,
1017 4283 1104 4341 patet.
1141 4273 1275 4338 Fortasse,
1304 4291 1376 4342 quae

257 4347 290 4399 ds
310 4345 440 4398 Sesaaldo
458 4349 539 4414 refert
552 4366 647 4416 pacem
661 4347 846 4414 praecessisse,
864 4348 1033 4400 statuendam
1052 4355 1098 4401 est.
