2994 4998
234 407 344 460 PAULI
363 408 537 460 HISTORIA
555 407 889 460 LANGOBARDORUM.
928 406 999 458 LIB.
1018 407 1050 456 V.
1159 405 1209 454 181

94 579 190 657 enim,
213 598 286 640 eum
308 573 588 640 clementissimum
607 595 685 638 esse.
728 574 832 658 Igitur
853 594 926 636 cum
947 573 989 636 ad
1009 571 1210 636 Laudensem

94 661 255 725 civitatem
277 659 424 736 venisset,
446 659 531 722 misit
552 666 626 722 ante
647 678 681 720 se
696 656 738 720 ad
754 655 975 721 Grimualdum
989 677 1098 740 regem
1111 654 1211 719 Unul-

93 744 186 807 fuma
208 743 269 808 sibi
291 741 509 806 fidelissimum
530 742 660 822 virumb,
684 742 739 826 qui
760 762 853 804 suum
868 741 918 803 ei⁰
940 739 1112 802 adventum
1133 761 1212 802 nun-

92 829 196 891 tiaret.
239 825 377 891 Unulfus
398 825 499 888 vero(l
527 823 568 888 ad
596 845 705 906 regem
734 825 874 903 veniens,
899 821 1055 887 Perctarit
1082 823 1115 886 in
1144 823 1211 884 eius

94 911 179 974 tidee
208 910 379 974 adventare
403 907 570 972 nuntiavit.
620 908 711 971 Haec
732 907 785 971 ille
813 907 957 988 audiens,
986 905 1121 969 fidenter
1140 927 1212 990 pro-

93 995 191 1075 misit,
212 994 246 1056 in
268 1015 326 1056 sua
348 1014 421 1056 eum
442 991 525 1055 fides
550 991 730 1055 venientem
750 989 830 1054 nihil
850 990 926 1053 mali
946 1011 1115 1074 passurum
1135 991 1212 1052 fore.

93 1079 183 1142 Inter
203 1076 283 1140 haec
304 1075 459 1140 Perctarit
480 1075 683 1157 advenienss,
710 1075 751 1139 ad
774 1072 997 1140 Grimualdum
1019 1073 1211 1156 ingressush,

96 1164 192 1224 *oum
221 1161 288 1224 eius
316 1182 350 1224 se
378 1159 519 1243 vestigiis
548 1157 734 1223 advolverei
766 1165 898 1222 conatus
926 1165 1023 1239 esset,
1052 1179 1111 1220 rex
1139 1173 1321 1228 eum‘pns.

94 1243 267 1308 clementer
287 1245 424 1307 retenuit
444 1251 540 1328 atque
555 1242 596 1306 ad
611 1243 728 1306 suumk
745 1241 887 1305 osculum
903 1241 1014 1305 erexit.
1051 1239 1103 1302 Ad
1118 1261 1213 1324 quem

95 1327 265 1391 Perctarit:
287 1325 416 1391 ‘Servus
438 1328 529 1390 tuus¹
552 1329 641 1407 sum',
662 1326 781 1424 inquit;
805 1327 919 1390 ‘sciens
940 1334 972 1388 te
994 1322 1213 1387 christianissi-

92 1423 205 1474 mumm
227 1411 362 1495 atpium
378 1431 456 1490 esse,
478 1432 553 1473 cum
574 1410 694 1494 possim
709 1418 791 1473 mter
809 1430 955 1521 paganos
976 1408 1093 1488 vivere,
1115 1407 1213 1470 fretus

94 1495 135 1559 de
164 1503 219 1557 tua
245 1492 411 1558 clementia
432 1492 474 1556 ad
495 1502 551 1556 tua
580 1495 717 1576 vestigia
744 1515 836 1556 vem.
880 1492 942 1557 Oui
970 1513 1041 1572 rex,
1072 1499 1108 1554 ut
1136 1488 1214 1554 sole-

94 1578 180 1658 batss,
212 1576 416 1640 iureiurando
438 1577 483 1640 ita
503 1577 704 1662 repromisit⁰
728 1575 852 1640 dicens:
889 1577 961 1640 ‘Per
989 1597 1063 1638 eum
1085 1574 1140 1658 qui
1161 1595 1213 1636 me

94 1662 185 1724 nasci
204 1660 289 1740 fecit,
311 1669 483 1746 postquam
503 1661 538 1722 in
552 1682 656 1724 meam
678 1659 796 1724 fidemr
812 1659 853 1722 ad
868 1682 919 1723 me
940 1658 1064 1739 venisti,
1086 1655 1165 1720 nihil
1179 1658 1213 1718 in

93 1744 202 1830 aliquo
225 1743 302 1808 mali
323 1745 462 1829 patieris,
485 1743 542 1807 sed
563 1745 607 1806 ita
628 1753 659 1808 te
688 1743 850 1823 ordinabo,
873 1752 909 1806 ut
930 1743 1078 1806 decenter
1106 1741 1213 1804 vivere

91 1826 215 1914 possis'.
259 1827 350 1891 Tunc
373 1829 424 1892 eil
450 1829 484 1890 in
513 1828 660 1911 spaciosa
691 1826 807 1890 domor
838 1826 1011 1912 hospitium
1043 1823 1212 1910 praebens,

93 1935 169 1976 eum
190 1918 264 1996 post
285 1912 374 1974 viaes
397 1909 539 1975 laborem
561 1909 679 1974 habere
700 1911 844 1995 requiem
865 1910 973 1992 iussit;
1002 1909 1212 1994 praecipiens,

92 1995 197 2060 eidem
212 2017 254 2058 ex
268 1993 399 2079 publico
420 1996 558 2058 victumt
573 2003 603 2058 et
619 2016 763 2080 quaeque
778 2002 883 2058 essent
896 1993 1076 2057 necessaria
1096 1989 1214 2074 largius

91 2080 275 2144 ministrari.
328 2079 485 2142 Perctarit
509 2099 587 2141 vero
613 2099 686 2140 oum
711 2077 754 2140 ad
778 2077 951 2162 hospitium
983 2076 1044 2140 sibi
1071 2097 1091 2137 a
1113 2086 1213 2157 regeu

92 2172 319 2246 praeparatum
340 2163 490 2240 venisset,
512 2182 589 2223 mox
610 2161 652 2224 ad
673 2183 747 2224 eum
762 2160 980 2224 Ticinensium
1001 2159 1122 2222 civium
1144 2178 1213 2220 coe-

94 2254 210 2329 perunt
230 2254 354 2308 turmae
376 2265 579 2325 concurrere,
609 2252 645 2306 ut
666 2265 739 2306 eum
760 2242 812 2308 vel
836 2242 981 2306 viderent
1000 2240 1052 2305 vel
1079 2241 1214 2325 pristina

92 2329 205 2392 notitia
226 2328 389 2412 cognitum
411 2326 593 2391 salutarent.
643 2327 764 2390 Verum
794 2325 872 2409 quid
900 2346 965 2388 non
993 2322 1077 2386 mala
1102 2323 1214 2406 lingua

92 2412 274 2496 inrumpere
296 2411 424 2496 potest?
454 2411 534 2474 Mox
553 2430 692 2494 namque
713 2409 874 2472 venientes
889 2407 931 2470 ad
951 2429 1060 2492 regem
1082 2407 1213 2492 quidam

92 2495 225 2580 maligni
246 2493 433 2574 adolatores,
455 2494 525 2577 regi
540 2493 737 2573 denuntiant,
761 2493 846 2577 quie,
867 2491 928 2554 nisi
942 2491 1098 2555 Perctarit
1119 2490 1212 2554 citius

91 2579 160 2642 vita
192 2580 369 2664 privaret',
402 2578 414 2640 i
439 2599 472 2640 se
503 2598 637 2660 regnum
672 2578 818 2660 protinus
851 2596 925 2638 cum
952 2575 1019 2638 vita
1048 2573 1212 2660 perderet3

91 2661 324 2741 adseverantes,
347 2661 387 2725 ob
414 2599 477 2724 lioo
502 2659 544 2724 ad
569 2681 642 2722 eum
667 2669 766 2723 totam
799 2671 1012 2722 concurrerew
1040 2658 1211 2721 civitatem.

92 2745 154 2808 His
176 2745 293 2809 auditis
309 2743 477 2808 Grimuald
490 2744 624 2807 nimium
647 2740 795 2806 credulus
817 2743 957 2822 effectus,
980 2752 1012 2806 et
1033 2741 1119 2827 quod
1140 2762 1211 2825 pro·

92 2829 222 2893 miserat
244 2827 371 2910 oblitus,
393 2829 427 2890 in
447 2829 647 2891 innocentis¹
661 2827 818 2890 Perctarit
839 2826 945 2890 statim
966 2846 1079 2889 necem
1099 2845 1211 2888 accen·

93 2912 191 2994 ditur,
221 2911 452 2997 consiliumque
484 2912 587 2992 iniitl,
620 2909 754 2994 qualiter
786 2933 875 2992 eum,
930 2909 1004 2972 uiaz
1036 2911 1101 2971 iam
1132 2907 1212 2971 hora

91 2996 212 3060 tardior
244 3005 327 3077 erat,
359 2998 394 3058 in
426 2995 563 3058 crastino
591 2994 677 3057 vitaa
708 2994 857 3079 privaret.
909 2931 973 3057 dui
1006 2992 1143 3078 denique
1170 2991 1211 3054 ad

91 3101 259 3178 vesperam
281 3079 424 3143 diversos
446 3079 544 3159 cibos,
572 3077 669 3141 vinal
692 3099 820 3164 quoque
842 3077 1037 3162 praecipua⁰
1058 3076 1211 3160 variaque

91 3173 257 3249 pot1onum
277 3185 396 3248 genera
416 3161 600 3244 transmisit,
626 3161 684 3225 ut<l
706 3183 779 3225 cum
800 3161 977 3226 inebriare⁰
999 3161 1109 3246 possit,
1135 3180 1211 3244 qua-

94 3365 117 3419 e)
134 3369 262 3408 Hunulfum
284 3369 382 3418 plerique
404 3369 433 3408 D.
450 3367 471 3408 G
486 3364 517 3409 ¹5.
533 3369 556 3408 Η
571 3367 592 3408 5.
608 3368 619 3407 I
636 3370 655 3409 1.
730 3365 755 3418 b)
771 3369 826 3406 deest
848 3369 875 3408 B.
892 3368 917 3408 F.
936 3365 963 3406 G.
1041 3361 1128 3416 c)elus
1145 3361 1210 3404 0⁸1.

93 3427 112 3466 F
128 3427 149 3466 4.
167 3427 200 3476 G;
215 3427 251 3466 sui
267 3428 316 3466 eius
331 3427 350 3466 F
367 3429 387 3469 1.
405 3427 429 3476 ὃς
452 3426 496 3466 sibi
510 3425 531 3465 A
547 3427 568 3467 6.
636 3425 659 3476 d)
676 3427 731 3466 deest
747 3426 772 3466 0.
788 3427 818 3466 D.
887 3423 909 3476 e)
925 3425 993 3464 fldem
1013 3425 1032 3462 B
1050 3426 1070 3464 1.
1089 3425 1123 3462 ln.
1139 3423 1165 3462 F.
1184 3423 1211 3462 G.

92 3485 105 3524 1
122 3487 142 3524 1.
159 3485 183 3534 83
198 3485 224 3523 ln
239 3485 341 3523 eiusdem
357 3487 477 3525 servitium
492 3485 514 3524 A
530 3487 550 3525 6.
611 3482 714 3535 ofidem
731 3483 751 3523 G
768 3485 793 3532 3)
809 3494 874 3522 suam
889 3483 957 3522 fldem
974 3480 995 3522 G
1009 3483 1031 3522 4.
1092 3477 1115 3530 g)
1132 3481 1212 3520 adiens

92 3543 111 3582 F
127 3543 153 3592 43
170 3543 266 3584 audiens
283 3542 304 3582 G
320 3543 393 3594 (Inter
408 3554 493 3582 mmm
509 3543 530 3584 G
546 3541 574 3593 2).
634 3541 658 3594 h)
674 3543 689 3584 ἰ.
705 3546 740 3582 est
755 3551 852 3590 cumque
867 3543 917 3583 131.
976 3539 994 3591 i)
1011 3540 1145 3580 advolveret
1160 3540 1211 3580 ΡΙ.

92 3597 118 3652 k)
135 3611 242 3640 ossuum
262 3602 413 3650 osculumque
429 3602 454 3642 (l.
470 3603 499 3640 D.
560 3599 578 3651 l)
595 3599 650 3639 deod
666 3601 683 3641 O
700 3599 734 3650 '13
756 3601 789 3639 lete
804 3601 881 3638 desinit
896 3601 914 3638 F
931 3601 965 3649 la,
986 3599 1075 3648 reliquie
1090 3598 1211 3646 deperditis.

92 3657 125 3710 ιιι)
143 3659 291 3698 christianum
306 3660 326 3698 B
344 3661 363 3700 1.
381 3659 398 3699 0
415 3661 441 3709 23
457 3663 480 3698 et
495 3659 624 3708 piissimum
641 3669 661 3700 e.
678 3663 701 3700 et
717 3669 736 3700 c.
751 3659 771 3698 A
788 3659 808 3698 2.
869 3655 894 3708 ιι)
912 3657 1017 3697 asolebet
1031 3659 1050 3696 B
1068 3657 1091 3705 l;
1108 3656 1212 3696 solvebat

94 3717 149 3758 01.
166 3715 186 3757 G
204 3718 227 3766 23
253 3727 270 3758 s.
286 3717 363 3756 iurare
378 3718 478 3756 iurando
493 3719 514 3756 D
533 3718 567 3759 le.
585 3720 605 3757 2.
621 3717 647 3766 ³3
670 3729 688 3758 e.
705 3717 804 3757 iurando
820 3715 841 3756 G
855 3717 876 3758 4.
942 3714 1212 3766 ο)ρτοιιι1ιίιΑ2;ιε-

93 3775 187 3826 spondit
202 3777 221 3814 Β
238 3777 258 3816 1.
334 3774 359 3826 p)
375 3786 428 3815 mes
443 3776 511 3816 fidem
526 3776 545 3814 F
562 3777 587 3826 1;
611 3786 687 3815 meam
708 3776 776 3815 fidem
792 3786 848 3814 sorr.
864 3785 916 3814 mea
931 3775 976 3814 fide
991 3775 1012 3813 D
1030 3776 1050 3825 1,
1074 3778 1092 3812 el
1107 3773 1139 3812 ua
1154 3772 1173 3812 F
1188 3775 1210 3814 4.

1 3809 2 3860 s
94 3835 186 3879 (ιιι.
261 3831 638 3885 ᾳ)ειειιι.ι.(ι;αιωιιι,
713 3832 914 3886 quesumus
989 3831 1210 3882 aenaea.

92 3895 121 3934 D.
136 3894 155 3933 F
173 3896 183 3932 1
201 3904 211 3932 e
226 3904 290 3941 corr,
306 3893 359 3942 olii3
382 3897 452 3942 potue
468 3893 572 3932 leuorem
588 3893 696 3932 haberem
718 3897 766 3942 poet
781 3903 839 3934 corr.
861 3895 913 3941 post
927 3891 1031 3930 laborem
1045 3891 1131 3930 hebere
1147 3889 1167 3930 A
1184 3893 1210 3941 13

93 3955 147 4002 poto
163 3963 176 3992 e
193 3952 284 3992 labores
301 3951 351 3992 Gl.
369 3953 394 4001 ²5
409 3955 461 4001 post
476 3952 580 3990 laborem
596 3950 644 3991 02,
662 3950 712 3992 Gt.
729 3952 769 3999 ὄις
785 3954 837 4000 post
851 3951 942 3989 labores
959 3948 1006 3989 ut
1022 3953 1041 3987 et
1057 3959 1067 3988 e
1081 3959 1138 3989 corr.
1156 3947 1209 3999 G23

93 4015 145 4061 post
160 4011 218 4051 talss
233 4011 324 4050 labores
340 4022 350 4050 e
365 4021 416 4050 corr
440 4009 460 4050 G
477 4011 503 4059 13
518 4013 571 4059 post
585 4012 675 4048 tuntum
690 4009 794 4049 laborem
809 4011 836 4049 B.
853 4009 871 4048 F
889 4009 912 4057 23
928 4011 980 4057 post
996 4008 1018 4047 el
1033 4007 1135 4048 laborem
1152 4007 1169 4047 0
1187 4012 1210 4058 13

93 4073 145 4120 post
159 4071 209 4109 elus
225 4069 328 4109 laborem
344 4069 361 4110 O
377 4069 413 4108 eb.
428 4070 450 4108 D
468 4069 551 4110 1.11.
568 4067 719 4107 -hebsrem
734 4069 752 4106 F
769 4071 789 4106 1.
849 4065 867 4118 t)
883 4067 938 4105 deest
954 4065 971 4106 0
988 4067 1008 4108 1.
1067 4063 1091 4116 u)
1108 4077 1126 4110 s.
1142 4077 1211 4116 agere

92 4129 110 4168 F
128 4130 148 4168 1.
165 4127 186 4168 G
203 4130 221 4167 1.
240 4129 260 4168 2.
328 4125 351 4180 v)
367 4128 499 4178 privaretur
514 4126 540 4168 G.
555 4127 585 4169 D.
600 4127 611 4166 Ι
629 4127 649 4167 1.
723 4123 754 4176 w)
771 4126 924 4166 concurr-eti*
941 4127 963 4164 1.
1036 4122 1060 4176 x)
1077 4125 1133 4164 deest
1147 4125 1166 4164 B
1185 4127 1210 4176 13

94 4187 243 4226 innocencius
257 4187 490 4237 F15innocentiam
508 4185 529 4226 G
545 4187 565 4228 1.
582 4185 602 4226 2.
620 4186 641 4226 3.
701 4183 724 4235 y)
739 4185 811 4224 initur
825 4185 843 4222 F
861 4187 885 4234 13
901 4184 954 4224 initi
971 4182 992 4224 G
1009 4185 1028 4224 1.
1046 4185 1071 4233 2;
1087 4184 1210 4223 consillum

95 4245 201 4298 (consilio
218 4244 241 4295 4)
256 4247 313 4284 inito
331 4245 418 4289 (13.4.
479 4243 500 4296 z)
518 4245 557 4293 qul
573 4243 593 4283 A
607 4245 627 4284 2.
647 4266 672 4274 -
689 4253 730 4282 ors
741 4247 791 4292 post
806 4243 877 4292 suppl.
893 4243 941 4284 Pl.
1002 4240 1025 4294 a)
1041 4243 1112 4282 vitem
1129 4241 1178 4282 Gl.
1187 4243 1208 4282 2.

93 4301 117 4354 b)
133 4305 211 4343 vinem
226 4305 244 4343 F
262 4307 282 4345 1.
344 4303 365 4356 c)
381 4305 437 4344 deest
452 4304 472 4344 A
489 4305 509 4343 2.
570 4301 593 4353 d)
610 4306 636 4343 ut
653 4324 678 4334 -
694 4303 768 4352 possit
783 4302 825 4343 des.
843 4301 864 4342 G
880 4301 914 4343 ⁵0.
975 4301 996 4354 e)
1013 4302 1139 4342 insudaret
1152 4301 1171 4339 D
1188 4301 1211 4340 1.

95 4382 121 4392 -
136 4366 215 4412 posset
231 4361 255 4405 0.
270 4364 291 4403 D
309 4365 320 4402 1
338 4368 356 4402 et
373 4363 393 4404 G
409 4365 421 4404 2
438 4373 529 4416 esorr„
544 4361 590 4402 alti.
