3040 5014
254 1286 431 1374 Historiae
451 1295 752 1394 Lonpobardorum,
782 1331 864 1393 quae
885 1309 1103 1392 praescieris
1126 1307 1275 1392 operibus

175 1386 275 1455 Pauli
292 1391 480 1458 Casinensis
494 1393 679 1456 memoriam
691 1392 833 1476 posteris
847 1394 995 1472 servavit,
1017 1391 1186 1455 editionem
1208 1389 1275 1456 luci
1355 1424 1357 1428 ·

176 1471 324 1558 daturus,
347 1499 413 1541 non
429 1499 566 1562 possum
587 1478 668 1560 quin
689 1475 783 1540 ualde
804 1475 939 1557 doleam,
960 1474 1160 1540 Ludooicum
1180 1475 1275 1540 Best-

175 1577 333 1623 mannum
359 1560 386 1622 b.
413 1583 469 1642 m.,
499 1561 556 1644 qui
585 1568 659 1623 ante
684 1559 763 1644 plus
791 1581 887 1644 quam
916 1559 1141 1645 quadrapinta
1171 1581 1275 1624 annos

175 1661 246 1706 eam
266 1645 448 1708 curandam
470 1644 623 1727 suscepit,
652 1644 682 1708 ei
704 1666 743 1707 ue
764 1651 828 1705 tam
851 1643 938 1706 domi
958 1664 1135 1788 quomlper
1155 1643 1275 1706 itinera

27 1713 28 1720 ἵ
81 1772 85 1780 .
175 1723 212 1786 in
235 1722 423 1808 Germania,
456 1726 647 1808 Hellanctia,
713 1727 825 1826 elpica,
859 1723 972 1789 Gallia
1001 1735 1029 1790 et
1073 1725 1155 1789 tatia
1173 1725 1275 1810 facta

176 1829 193 1871 o
218 1830 308 1874 eram
339 1809 537 1895 indefessam
569 1811 719 1892 navarit,
748 1833 828 1896 quin
844 1812 919 1874 -imo
946 1831 1059 1873 nomen
1087 1831 1182 1874 suum
1204 1833 1275 1874 cum

204 1892 276 1956 auli
297 1895 425 1958 nomine
446 1897 494 1959 ita
516 1895 702 1979 conjunait,
731 1903 766 1956 ut
794 1895 850 1956 oisc
872 1915 1024 1977 umquam
1046 1892 1156 1957 divelli
1177 1915 1275 1978 posse

113 1991 116 1997 “
175 1975 360 2056 uideantur,
382 1976 603 2062 imperfectam
624 1979 709 2042 hanc
724 1977 818 2041 telam
832 1977 1009 2063 reliquisse.
1056 1977 1160 2050 Quam
1173 1975 1276 2058 finire

176 2067 204 2124 et
227 2081 309 2144 opus
331 2061 391 2125 diu
412 2069 627 2146 suspectatum
642 2083 740 2145 quam
755 2062 900 2145 primum
913 2060 1042 2145 publici
1056 2063 1148 2146 juris
1160 2059 1277 2146 facere

166 2140 231 2226 fas
258 2144 351 2208 duaci.
394 2143 460 2209 seo
484 2146 520 2209 id
550 2145 724 2231 adpressus
752 2167 818 2208 non
839 2153 950 2229 potui,
983 2145 1063 2230 quin
1089 2146 1277 2229 praecipua

177 2227 330 2291 editionis
351 2229 500 2296 subsidia
518 2227 690 2315 diiigenter
711 2237 740 2294 et
760 2229 774 2291 i
798 2249 830 2290 se
846 2239 1074 2312 perscrutarer
1088 2250 1186 2312 eaque
1208 2229 1277 2313 qui·

177 2309 236 2375 bus
257 2309 311 2375 ille
332 2311 477 2376 nondum
497 2335 577 2376 usus
599 2321 669 2376 erat
691 2252 884 2376 adhiierem.
930 2308 998 2384 Quo
1019 2311 1177 2374 adductus
1196 2334 1277 2392 sum,

177 2401 212 2457 ut
233 2407 355 2459 nouam
373 2405 476 2460 tentus
497 2397 712 2460 recensionem
733 2395 945 2475 instituerem,
973 2395 1012 2456 de
1034 2395 1128 2480 cujus
1144 2393 1275 2478 funda-

177 2487 278 2541 mento
301 2488 329 2542 et
350 2481 478 2543 ratione
499 2500 514 2540 e
538 2480 552 2540 i
572 2479 609 2540 in
623 2475 810 2541 Annalibus
826 2478 945 2540 nostris
968 2476 1091 2558 (Nouos
1107 2474 1228 2541 Archiv
1251 2478 1277 2554 I,

173 2583 209 2644 p.
232 2560 294 2624 535
316 2566 410 2645 sqq.).
456 2559 498 2624 Co
522 2563 608 2625 icum
639 2583 712 2625 oero
745 2560 989 2645 descriptionem
1021 2583 1042 2623 a
1074 2560 1277 2625 Bethmanno

178 2653 361 2727 conceptam
383 2652 541 2727 quantum
557 2646 656 2728 potui
683 2645 818 2724 retinui,
852 2643 965 2707 ordine
988 2643 1129 2727 paulum
1156 2653 1278 2709 mutato

177 2727 282 2810 iisque
304 2727 426 2791 additis
446 2736 475 2791 et
494 2728 625 2792 mutatis
645 2749 728 2811 quae
743 2728 926 2790 necessaria
948 2727 1020 2790 oisa
1041 2736 1126 2790 sunt.
1168 2729 1277 2793 Etiam

178 2809 217 2874 cie
238 2809 338 2874 Pauli
362 2812 431 2874 uita
458 2819 486 2873 et
513 2810 662 2894 operibus
691 2811 874 2875 Bethmann
908 2811 1131 2874 dissertatione
1164 2811 1278 2877 celebri

177 2895 360 2979 permanire
385 2893 638 3041 scriptapusius
660 2895 809 2978 conposuit
830 2893 968 2976 (Archiv
984 2894 1023 2975 X,
1045 2918 1084 2979 p.
1099 2895 1160 2959 247
1182 2898 1277 2979 sap),

177 2978 233 3042 secl
258 2978 327 3060 ipsi
352 2978 489 3042 editioni
540 2999 595 3042 aec
622 2979 768 3043 nondum
797 2979 933 3061 aptavit.
975 2979 1018 3041 Et
1039 3000 1146 3063 nuper
1174 2979 1206 3044 V.
1231 2977 1276 3044 a.

176 3060 213 3123 F.
235 3061 354 3141 Dato,
382 3069 418 3124 ut
438 3083 556 3124 nouam
576 3063 692 3147 mapni
713 3063 766 3126 sui
788 3062 894 3145 operis
916 3061 955 3124 de
976 3062 1106 3146 repibus
1128 3065 1275 3148 antiquo·

177 3166 250 3207 rum
267 3142 503 3209 Germanorum
518 3153 742 3229 praepararet
750 3153 879 3228 partem
894 3145 938 3208 ad
952 3145 1187 3231 Lanpobardos
1228 3167 1276 3210 er·

177 3227 336 3308 timentem,
359 3229 492 3292 eandem
506 3225 600 3292 teiam
615 3229 784 3292 tenendam
799 3229 911 3292 sumsit
932 3237 960 3291 et
975 3251 1040 3292 non
1056 3251 1169 3312 pauca
1217 3231 1278 3293 iter

178 3331 243 3374 esse
265 3311 469 3396 disponentia
483 3313 659 3397 judicavit.
704 3309 795 3385 Quae
817 3313 963 3397 quamvis
985 3335 1050 3376 non
1074 3313 1183 3376 omnia
1198 3334 1276 3396 pro-

177 3392 254 3457 bare
272 3398 406 3478 possim,
428 3418 496 3460 non
517 3417 620 3460 meum
641 3396 725 3459 dumi
746 3417 960 3480 quaecumque
981 3396 1081 3460 dubia
1102 3406 1131 3459 et
1152 3398 1277 3460 incerta

177 3477 352 3542 uideantur
372 3479 429 3543 troc
450 3478 517 3543 ioco
529 3478 648 3563 fusius
663 3480 829 3561 discutere,
853 3479 986 3543 breuiter
1000 3488 1126 3542 tontum
1140 3503 1180 3544 ea
1194 3501 1277 3564 quae

178 3561 391 3646 descriptore
421 3561 619 3628 celeberrimo
649 3572 811 3648 comperta
837 3563 988 3627 habemus
1015 3584 1173 3647 exponere
1203 3585 1276 3627 con-

177 3651 289 3708 tentus.

265 3727 355 3802 Quae
376 3751 415 3792 ea
436 3731 543 3813 ipsius
562 3729 662 3794 Pauli
682 3729 812 3814 scriptis
833 3729 983 3794 docemur
1005 3730 1082 3793 haec
1094 3727 1171 3812 fere
1192 3739 1276 3793 sunt.

178 3810 288 3874 Natus
314 3821 385 3875 erat
408 3823 504 3896 patre
532 3812 757 3898 Warnefrido,
784 3822 887 3876 matre
910 3812 1143 3878 Mendelincla.
1186 3813 1299 3896 Aous

179 3895 321 3975 Aricinis,
344 3917 494 3981 proauus
516 3895 562 3960 Lo
587 3898 670 3961 ictis
691 3896 740 3961 ool
760 3897 930 3981 Lupicisis,
962 3897 1085 3960 abavus
1105 3897 1277 3982 Leupciis,

179 3979 237 4062 qui
257 3979 314 4042 sub
337 3977 478 4044 Aibuino
499 3980 550 4043 Ita
564 3982 632 4044 iam
658 3982 780 4045 uenisse
809 3989 979 4043 narratur.
1021 3979 1117 4046 Filiis
1144 3983 1214 4066 ejus
1237 3979 1276 4045 ab

178 4059 300 4126 Avaris
322 4063 357 4126 in
380 4065 598 4148 captivitatem
619 4064 733 4143 ductis,
756 4086 843 4128 unus
865 4085 974 4128 eorum
987 4061 1081 4162 fupa
1095 4063 1225 4148 elapsus
1241 4066 1276 4128 in

171 4147 323 4230 patriam
336 4148 442 4230 rediit,
464 4149 572 4231 quiin
584 4147 761 4232 provincia
775 4147 1013 4234 Forojulienss¹
1036 4149 1174 4215 ‘domum
1191 4169 1277 4212 reae·

257 4320 284 4384 1)
303 4319 413 4372 Fratres
432 4335 465 4372 ea
482 4327 566 4372 castro
584 4318 760 4388 Foroiuliensi
778 4320 811 4370 ab
829 4316 927 4370 Avaris
946 4317 1052 4372 deducti
1070 4293 1211 4381 dicatum}
1226 4320 1275 4370 sed

169 4390 287 4456 fortasse
311 4391 370 4444 esui
388 4399 500 4458 tempore
519 4391 560 4444 iic
579 4409 621 4444 eos
639 4401 753 4444 moratos
771 4409 834 4458 esse,
863 4392 945 4444 Dalm
959 4410 990 4459 p.
1011 4394 1036 4444 3.
1054 4392 1163 4445 monuit.
1202 4389 1274 4443 Gerre

1036 4493 1049 4540 1
