3076 5004
255 437 366 488 PAULI
385 438 560 491 HISTORIA
579 440 916 492 LANGOBARDORUM.
954 440 1026 489 LIB.
1047 439 1100 488 ΙΙΙ.
1195 437 1248 486 115

122 601 166 665 ad
189 601 329 668 Gallias³
352 605 527 670 deliberant
547 607 690 688 rediret,
713 606 834 670 scilicet
855 617 891 670 ut
912 629 931 671 a
953 606 1150 692 Sigisperto⁰
1171 628 1247 690 rege

125 689 297 775 suscepti1,
321 691 388 753 eius
407 691 553 775 possintd
575 691 734 754 adiutorio
756 689 798 754 ed
842 691 954 754 atriam
976 713 1127 754 remeare.
1171 688 1246 754 Ocr-

124 780 213 834 tum²
236 782 284 836 est
302 783 420 854 autem,
442 773 521 836 hose
546 773 690 839 Saxones
705 774 777 838 ideo
799 713 841 837 ad
855 773 981 838 Italiam
1003 795 1077 838 cum
1091 774 1246 839 uxoribus

124 863 157 918 et
167 855 309 940 parvulis
320 857 507 939 advenisse,
523 859 605 920 utin
620 856 1009 940 eahabitaredeberentf3
1025 857 1081 922 sed
1115 870 1248 923 uantum
1285 923 1288 928 .

125 936 221 1002 datur
241 939 394 1024 intellegi,
415 940 585 1006 noluerunt
598 939 886 1027 Langobardorum
908 943 1050 1027 imperiis
1071 881 1246 1006 sidriacere.

126 1020 193 1085 Sed
214 1046 319 1108 neque
341 1027 387 1087 eis
409 1048 429 1087 a
443 1024 665 1110 Langobardis
687 1026 880 1110 permissum
903 1036 950 1090 est
970 1027 1004 1088 in
1025 1028 1156 1112 proprio
1178 1028 1246 1091 iure

123 1106 307 1188 subsistere,
329 1107 465 1194 ideoque
480 1109 709 1173 aestimanturs
730 1109 772 1172 ad
790 1131 881 1172 suam
895 1111 1032 1194 patriam
1046 1111 1248 1194 repedasset.

124 1192 171 1254 Hi
194 1189 315 1253 Gallias
345 1192 528 1276 ingressuri,
558 1193 637 1256 duos
668 1215 710 1256 ex
738 1215 772 1257 se
802 1215 920 1257 cuneos
946 1193 1082 1275 faciunt,
1112 1205 1144 1258 et
1165 1217 1246 1257 unus

126 1275 257 1360 quidem
279 1297 399 1340 cuneus
437 1299 471 1340 er
485 1277 619 1340 Niceam
633 1277 754 1358 urbem,
778 1276 857 1340 alter
873 1300 949 1342 vero
964 1301 1022 1362 per
1036 1277 1247 1342 Ebredunum

126 1361 291 1444 ingressus
314 1369 370 1440 est,
392 1298 446 1423 illa
467 1369 627 1426 revertens
650 1361 713 1442 via,
737 1382 833 1446 quam
848 1383 931 1424 anno
958 1363 1134 1446 superiorei
1157 1373 1245 1426 tenu·

124 1452 202 1508 erat.
238 1443 294 1525 Hi,
311 1444 387 1527 quia
400 1454 526 1528 tempus
542 1446 694 1508 messium
710 1454 786 1526 erat,
810 1444 994 1528 colligentes
1009 1467 1048 1508 ac
1062 1447 1246 1510 triturantes

122 1527 292 1608 frumenta,
315 1527 525 1592 comedebant
546 1540 603 1590 ac³
627 1530 693 1592 suis
708 1527 922 1592 animantibus
945 1528 986 1592 ad
1007 1551 1096 1594 esum
1114 1530 1247 1614 praebe·

120 1608 208 1674 bant.
237 1611 526 1696 Depraedabantur
571 1613 691 1694 ecoral,
713 1612 770 1676 sed
790 1633 850 1676 nec
871 1610 912 1675 ab
932 1613 1088 1676 incendiis
1109 1612 1244 1678 abstine·

123 1695 210 1758 bant.
248 1695 311 1774 Qui
334 1715 406 1758 curn
428 1695 470 1759 ad
484 1697 532 1760 Ro
556 1717 653 1759 annm
675 1717 802 1760 amnem
823 1697 1051 1781 pervenissent,
1074 1707 1118 1778 ut,
1141 1707 1243 1761 trans-

122 1790 228 1843 meato
251 1801 298 1858 ec,
326 1801 426 1863 regno
449 1803 482 1844 se
506 1780 675 1865 Sigisperti
698 1780 885 1862 conferrent,
914 1781 1053 1844 occurrit
1074 1781 1119 1844 eis
1140 1782 1244 1844 Mum-

121 1862 227 1926 mulus
254 1874 349 1926 cum4
377 1861 485 1927 valida
513 1862 727 1928 multitudine.
771 1864 864 1928 Tunc
891 1863 936 1926 illi
963 1863 1074 1928 valde¹
1107 1865 1177 1928 viso
1207 1887 1244 1928 eo

121 1947 279 2028 timentes,
301 1946 383 2010 datis
399 1969 457 2032 pro
470 1948 692 2033 redemptione
708 1969 766 2012 sua
780 1948 888 2012 multis
904 1949 974 2012 auri
988 1949 1243 2029 numismatibus,

120 2031 312 2094 Rodanumm
327 2032 461 2095 transire
500 2033 624 2095 ermissi
638 2041 722 2096 sunt.
752 2033 865 2112 Quinc
881 2032 959 2094 dum
973 2031 1015 2094 ad
1031 2031 1245 2118 Sigispertum

120 2137 229 2200 regem
252 2125 400 2199 pergunt,
423 2055 539 2180 mullos
561 2117 595 2178 in
609 2117 722 2180 itinere
736 2117 952 2199 negotiatione
967 2137 1026 2178 sua
1040 2115 1243 2202 deceperunt,

118 2198 340 2262 venundantes
361 2198 488 2282 regulas
509 2201 606 2279 aeris,
636 2221 718 2284 quae
741 2201 798 2281 ita,
828 2201 938 2263 nescio
961 2199 1131 2282 quomod0,
1155 2213 1244 2264 erant

120 2281 289 2364 coloratae,
311 2291 347 2346 ut
368 2283 438 2345 auri
453 2283 580 2368 probati
595 2290 690 2367 atque
706 2282 879 2345 examinati
894 2283 1034 2366 speciem
1049 2283 1243 2346 simularent.

118 2365 213 2429 Unde
246 2363 391 2428 nonnulli
422 2365 504 2428 hoc⁰
538 2365 610 2428 dolo
644 2366 783 2445 seducti,
817 2365 928 2428 dantes
960 2385 1075 2426 aurum
1107 2376 1138 2429 et
1170 2380 1243 2429 aest

116 2449 325 2533 accipientes,
355 2470 513 2534 pauperes
541 2458 615 2511 sunt
641 2449 754 2512 effecti.
797 2447 1022 2512 Pervenientes
1043 2455 1173 2514 tamena
1194 2451 1236 2514 ad

115 2553 150 2595 re
174 2554 226 2596 em
256 2531 485 2616 Sigispertum,
522 2533 563 2596 ad
592 2532 700 2595 locum
729 2531 813 2595 unde
840 2532 930 2616 prius
960 2533 1081 2615 egressi
1110 2533 1236 2598 fuerant

117 2636 151 2678 re
178 2617 184 2630 '
204 2639 222 2680 e
243 2617 391 2700 permissi
412 2624 517 2679 sunta

206 2701 224 2762 7
228 2747 235 2762 .
280 2698 431 2778 Quidum
443 2699 607 2762 adsuamr
621 2701 758 2784 patriam
768 2700 939 2780 venissent,
954 2700 1152 2782 invenerunt,
1169 2723 1240 2764 eam

121 2781 182 2845 ad³
201 2783 334 2848 Suavisl
356 2793 389 2847 et
409 2783 478 2846 aliis
498 2781 657 2868 gentibus,
680 2784 763 2847 sicut
778 2804 875 2868 supra
891 2787 1209 2849 commemoravimus
1220 2798 1241 2867 t,

121 2867 259 2932 retineri.
293 2866 431 2931 Contra⁸
449 2889 529 2952 quos
544 2867 756 2950 insurgentes,
772 2867 878 2930 conati
893 2876 966 2930 sunt
980 2889 1034 2931 eos
1050 2868 1242 2933 extrudereu

119 2973 158 3014 ac
187 2949 302 3016 delere.
345 2951 390 3014 At
418 2949 485 3014 illiv
513 2950 695 3036 optulerunt
722 2953 768 3014 eis
795 2951 920 3015 tertiam
947 2962 1072 3036 partem
1093 2954 1243 3038 regionis,

119 3035 275 3099 dicentes:
308 3033 422 3098 ‘Simul
453 3057 624 3119 possumus
651 3036 760 3098 vivere
789 3045 821 3098 et
849 3035 916 3098 sine
950 3035 1123 3101 conlisione
1157 3058 1242 3100 com-

119 3119 276 3182 muniter⁹
297 3118 461 3183 habitare'.
510 3119 593 3183 Oum
617 3141 657 3183 ue
679 3117 752 3180 illiW
773 3115 970 3182 nullomodo
991 3119 1242 3204 adquiescerent,

120 3202 234 3266 dehinc
257 3201 441 3287 optulerunt
462 3203 532 3267 eis¹
553 3140 772 3284 medietatem,
801 3211 875 3287 post
903 3201 983 3267 haec
1011 3202 1091 3266 duas
1119 3214 1241 3288 partes,

121 3393 143 3446 a)
159 3393 237 3434 Gallia
253 3393 274 3434 G
291 3394 310 3432 1.
371 3391 395 3444 b)
411 3393 491 3434 venire
508 3394 525 3434 O
543 3395 563 3435 1.
624 3391 645 3444 c)
663 3392 747 3442 sigub.
765 3392 783 3434 G
800 3393 820 3432 1.
837 3391 857 3433 G
874 3395 894 3444 1,
917 3404 973 3432 corr.
992 3392 1064 3442 Sigib.
1082 3392 1103 3434 G
1118 3395 1143 3442 23
1166 3393 1240 3443 sigar.

122 3453 142 3493 G
158 3454 184 3502 35
208 3452 280 3501 eigil).
304 3453 336 3492 vel
358 3451 435 3500 sigeb.
460 3453 481 3491 D
499 3453 519 3491 2.
537 3453 557 3503 ³,
581 3453 628 3496 alii,
703 3450 726 3503 d)
742 3455 837 3501 possent
859 3453 878 3490 B
897 3453 917 3490 1.
994 3449 1015 3502 e)
1032 3452 1162 3491 hosaxones
1185 3453 1203 3490 F
1221 3455 1241 3492 1.

52 3539 55 3546 ·
119 3510 250 3562 odeberet
271 3511 290 3550 F
307 3513 327 3551 1.
345 3510 366 3551 G
382 3513 407 3560 13
432 3511 516 3551 debere
534 3511 554 3551 G
570 3511 590 3552 3.
667 3507 690 3562 g)
706 3511 847 3550 extimantur
869 3509 890 3549 A
907 3512 926 3550 1.
952 3511 1013 3559 1⁰15
1035 3511 1198 3550 existimantur
1214 3510 1241 3550 G.

121 3569 145 3621 h)
162 3571 311 3620 repedassent
325 3571 344 3609 F
361 3571 381 3609 1.
449 3567 467 3621 i)
483 3571 599 3620 superiori
615 3570 632 3610 Ο
649 3571 668 3608 1.
687 3569 707 3610 G
723 3569 743 3611 3,
761 3591 787 3600 -
811 3573 937 3610 tenuerunt
951 3569 972 3608 A
989 3570 1015 3618 ³5
1038 3572 1161 3610 tenuerant
1177 3569 1194 3610 G
1211 3565 1242 3610 ’1.

121 3628 146 3679 k)
162 3639 259 3678 corpora
275 3627 324 3669 Gl.
341 3629 361 3668 2.
379 3629 445 3669 ΒΜ.
493 3625 1007 3678 l)daesttl*l.F.G3v1eoeovalde01.
1054 3626 1242 3679 mtdeacre.

120 3686 144 3739 n)
162 3687 207 3735 Qui
225 3687 374 3736 —permissi
390 3690 442 3727 eunt
457 3687 500 3728 des.
518 3687 565 3727 02.
612 3685 1052 3738 o)0hocF1,·obhocG1.2.3.13.
1097 3685 1241 3737 patema

119 3745 142 3798 q)
159 3746 253 3786 tandem
269 3747 290 3784 D
307 3747 328 3786 2.
346 3746 367 3786 3.
428 3743 448 3796 r)
464 3746 520 3784 deest
535 3747 553 3784 F
568 3747 587 3786 1.
648 3743 668 3798 s)
685 3747 716 3785 ita
732 3745 783 3786 Ar.
800 3741 830 3784 ’2.
847 3746 868 3787 2.
883 3746 902 3784 Ε
919 3747 944 3795 1;
961 3757 975 3785 a
991 3747 1059 3787 ceteri.
1119 3745 1137 3797 t)
1154 3745 1242 3786 Sueevis

117 3807 136 3846 B
154 3808 175 3848 1.
192 3805 209 3846 O
227 3808 238 3844 1
254 3807 348 3854 saepias.
410 3802 433 3855 u)
449 3805 566 3844 destruere
584 3804 608 3846 G.
625 3805 654 3844 D.
671 3805 728 3845 111.
745 3805 757 3844 Ι
774 3807 798 3853 1;
814 3805 945 3846 instrudere
962 3804 1014 3854 en
1031 3807 1168 3855 impugnare
1186 3804 1241 3854 (325

120 3865 252 3906 extruderet
268 3874 282 3902 a
298 3865 375 3904 delere
390 3865 408 3902 F
426 3866 445 3904 1.
497 3861 520 3914 v)
537 3863 584 3902 illis
600 3864 618 3902 F
635 3865 655 3904 1.
709 3861 739 3914 w)
754 3864 810 3903 deest
825 3864 851 3902 F.
869 3862 900 3914 G,
916 3875 968 3903 cum
983 3865 1027 3903 hcc
1044 3863 1064 3904 G
1080 3863 1113 3904 bc.
1166 3861 1191 3914 x)
1209 3865 1242 3903 eis

120 3924 203 3963 dehinc
219 3934 248 3964 m.
265 3923 284 3962 B
302 3925 322 3965 1.
333 3943 358 3952 -
368 3923 493 3964 medietate
509 3923 526 3961 F
544 3924 564 3964 1.
1239 3919 1244 3926 “

123 4089 150 4155 1)
171 4089 286 4141 Collecti
304 4091 332 4140 in
351 4090 411 4141 loco
429 4089 500 4140 unde
521 4089 623 4155 egressi
640 4087 747 4138 fuerent
764 4087 960 4139 stabilerentur.
975 4087 1052 4155 θνα).
1129 4085 1158 4154 2)
1179 4089 1242 4140 Cer·

122 4169 177 4213 tum
205 4191 240 4200 -
266 4164 304 4213 Hi
333 4163 436 4215 Gallias
467 4163 613 4229 ingressuri
641 4160 745 4210 Paulus
775 4159 880 4226 adjecit.
964 4159 995 4228 3)
1014 4178 1047 4212 ac
1066 4164 1121 4214 suis
1141 4189 1174 4198 -
1196 4163 1242 4212 ab·

123 4237 255 4286 etinebant
272 4235 377 4288 Paulae
397 4235 500 4304 adjecit.
575 4234 604 4301 4)
622 4249 682 4284 cum
701 4252 727 4285 v.
747 4250 783 4284 m.
797 4233 910 4286 Paulae.
986 4231 1016 4300 ὅ)
1036 4235 1088 4298 Qui
1106 4263 1143 4287 —·,
1162 4235 1242 4286 dece-

120 4316 215 4374 perunt
242 4308 356 4361 Paulus.
450 4307 479 4376 6)
498 4312 526 4360 in
545 4309 605 4361 loco
637 4334 668 4344 -
698 4313 760 4359 eunt
788 4307 900 4359 stabiliti
930 4305 1008 4374 (ἔνθ).
1104 4311 1131 4372 7)
1151 4307 1193 4371 II,
1215 4308 1240 4358 6.

122 4381 149 4446 8)
168 4382 212 4433 En
232 4382 309 4450 (ἕνα).
336 4382 366 4447 V,
387 4384 431 4436 15.
507 4381 537 4450 9)
558 4387 585 4434 et
604 4383 778 4434 communiter
797 4381 917 4432 habitare
936 4380 1049 4458 lirratus.
1103 4391 1105 4398 '

969 4479 1009 4528 8.
