<?xml version="1.0" encoding="UTF-8"?>
<!DOCTYPE html PUBLIC "-//W3C//DTD XHTML 1.0 Transitional//EN"
    "http://www.w3.org/TR/xhtml1/DTD/xhtml1-transitional.dtd">
<html xmlns="http://www.w3.org/1999/xhtml" xml:lang="en" lang="en">
 <head>
  <title>
</title>
<meta http-equiv="Content-Type" content="text/html;charset=utf-8" />
  <meta name='ocr-system' content='tesseract 3.04.00' />
  <meta name='ocr-capabilities' content='ocr_page ocr_carea ocr_par ocr_line ocrx_word'/>
</head>
<body>
  <div class='ocr_page' id='page_1' title='image "./paulihistoriala00paulgoog_0141.png"; bbox 0 0 3076 5004; ppageno 0'>
   <div class='ocr_carea' id='block_1_1' title="bbox 281 406 1260 466">
    <p class='ocr_par' dir='ltr' id='par_1_1' title="bbox 281 406 1260 466">
     <span class='ocr_line' id='line_1_1' title="bbox 281 406 1260 466; baseline 0.005 -8"><span class='ocrx_word' id='word_1_1' title='bbox 281 407 391 458; x_wconf 81' lang='lat' dir='ltr'><strong>PAULI</strong></span> <span class='ocrx_word' id='word_1_2' title='bbox 410 406 586 460; x_wconf 81' lang='lat' dir='ltr'>HISTORIA</span> <span class='ocrx_word' id='word_1_3' title='bbox 605 409 940 464; x_wconf 84' lang='lat' dir='ltr'><strong>LANGOBARDORUM.</strong></span> <span class='ocrx_word' id='word_1_4' title='bbox 979 413 1050 464; x_wconf 86' lang='lat' dir='ltr'><strong>LIB.</strong></span> <span class='ocrx_word' id='word_1_5' title='bbox 1070 414 1123 466; x_wconf 86' lang='lat'>111.</span> <span class='ocrx_word' id='word_1_6' title='bbox 1209 415 1260 464; x_wconf 88' lang='lat'><strong>131</strong></span> 
     </span>
    </p>
   </div>
   <div class='ocr_carea' id='block_1_2' title="bbox 141 575 1424 1166">
    <p class='ocr_par' dir='ltr' id='par_1_2' title="bbox 141 575 1424 1086">
     <span class='ocr_line' id='line_1_2' title="bbox 172 575 1424 676; baseline 0.006 -38"><span class='ocrx_word' id='word_1_7' title='bbox 172 576 303 639; x_wconf 89' lang='lat' dir='ltr'><strong>atricius</strong></span> <span class='ocrx_word' id='word_1_8' title='bbox 332 596 352 638; x_wconf 89' lang='lat' dir='ltr'><strong>a</strong></span> <span class='ocrx_word' id='word_1_9' title='bbox 381 575 549 640; x_wconf 91' lang='lat' dir='ltr'><strong>daemonio</strong></span> <span class='ocrx_word' id='word_1_10' title='bbox 579 597 644 654; x_wconf 84' lang='lat' dir='ltr'><strong>non</strong></span> <span class='ocrx_word' id='word_1_11' title='bbox 666 577 804 642; x_wconf 76' lang='lat' dir='ltr'><strong>iniuste³</strong></span> <span class='ocrx_word' id='word_1_12' title='bbox 826 589 991 676; x_wconf 87' lang='lat' dir='ltr'><strong>correptus</strong></span> <span class='ocrx_word' id='word_1_13' title='bbox 1003 592 1022 661; x_wconf 88' lang='lat'><strong>¹,</strong></span> <span class='ocrx_word' id='word_1_14' title='bbox 1046 601 1264 646; x_wconf 91' lang='lat' dir='ltr'><strong>successorem</strong></span> <span class='ocrx_word' id='word_1_15' title='bbox 1274 596 1316 640; x_wconf 74' lang='lat'><strong>589</strong></span> <span class='ocrx_word' id='word_1_16' title='bbox 1324 601 1362 640; x_wconf 79' lang='lat' dir='ltr'><strong>ver</strong></span> <span class='ocrx_word' id='word_1_17' title='bbox 1371 599 1424 644; x_wconf 74' lang='lat' dir='ltr'><strong>aso.</strong></span> 
     </span>
     <span class='ocr_line' id='line_1_3' title="bbox 143 597 1264 748; baseline 0.007 -26"><span class='ocrx_word' id='word_1_18' title='bbox 143 597 325 724; x_wconf 52' lang='lat' dir='ltr'><strong>Romanum</strong></span> <span class='ocrx_word' id='word_1_19' title='bbox 356 659 527 745; x_wconf 90' lang='lat' dir='ltr'><strong>patricium</strong></span> <span class='ocrx_word' id='word_1_20' title='bbox 558 661 735 746; x_wconf 86' lang='lat' dir='ltr'><strong>accipiens,</strong></span> <span class='ocrx_word' id='word_1_21' title='bbox 767 659 1076 748; x_wconf 77' lang='lat' dir='ltr'><strong>Constantmopolim</strong></span> <span class='ocrx_word' id='word_1_22' title='bbox 1101 666 1264 734; x_wconf 76' lang='lat' dir='ltr'><strong>remeavit.</strong></span> 
     </span>
     <span class='ocr_line' id='line_1_4' title="bbox 141 742 1263 832; baseline 0.005 -26"><span class='ocrx_word' id='word_1_23' title='bbox 141 743 221 808; x_wconf 84' lang='lat' dir='ltr'>Post</span> <span class='ocrx_word' id='word_1_24' title='bbox 234 743 313 807; x_wconf 89' lang='lat' dir='ltr'><strong>haec</strong></span> <span class='ocrx_word' id='word_1_25' title='bbox 334 743 419 806; x_wconf 88' lang='lat' dir='ltr'><strong>facta</strong></span> <span class='ocrx_word' id='word_1_26' title='bbox 433 753 482 808; x_wconf 90' lang='lat' dir='ltr'><strong>est</strong></span> <span class='ocrx_word' id='word_1_27' title='bbox 496 742 625 808; x_wconf 89' lang='lat' dir='ltr'><strong>sinodus</strong></span> <span class='ocrx_word' id='word_1_28' title='bbox 641 743 753 808; x_wconf 90' lang='lat' dir='ltr'><strong>decem</strong></span> <span class='ocrx_word' id='word_1_29' title='bbox 768 747 877 831; x_wconf 88' lang='lat' dir='ltr'><strong>episco</strong></span> <span class='ocrx_word' id='word_1_30' title='bbox 903 767 994 810; x_wconf 91' lang='lat' dir='ltr'><strong>orum</strong></span> <span class='ocrx_word' id='word_1_31' title='bbox 1007 747 1041 810; x_wconf 91' lang='lat' dir='ltr'><strong>in</strong></span> <span class='ocrx_word' id='word_1_32' title='bbox 1055 747 1199 812; x_wconf 88' lang='lat' dir='ltr'><strong>Mariano</strong></span> <span class='ocrx_word' id='word_1_33' title='bbox 1208 749 1231 792; x_wconf 75' lang='lat'><strong>¹³·</strong></span> <span class='ocrx_word' id='word_1_34' title='bbox 1241 761 1263 832; x_wconf 80' lang='lat'><strong>²,</strong></span> 
     </span>
     <span class='ocr_line' id='line_1_5' title="bbox 142 824 1265 916; baseline 0.009 -28"><span class='ocrx_word' id='word_1_35' title='bbox 142 824 201 889; x_wconf 89' lang='lat' dir='ltr'><strong>ubi</strong></span> <span class='ocrx_word' id='word_1_36' title='bbox 231 836 421 912; x_wconf 89' lang='lat' dir='ltr'><strong>receperunt</strong></span> <span class='ocrx_word' id='word_1_37' title='bbox 449 826 603 892; x_wconf 83' lang='lat' dir='ltr'><strong>Severum</strong></span> <span class='ocrx_word' id='word_1_38' title='bbox 629 829 843 913; x_wconf 78' lang='lat' dir='ltr'><strong>patriarcham</strong></span> <span class='ocrx_word' id='word_1_39' title='bbox 897 829 1114 916; x_wconf 89' lang='lat' dir='ltr'><strong>quilegensem</strong></span> <span class='ocrx_word' id='word_1_40' title='bbox 1135 831 1265 898; x_wconf 84' lang='lat' dir='ltr'><strong>dantem</strong></span> 
     </span>
     <span class='ocr_line' id='line_1_6' title="bbox 141 908 1263 999; baseline 0.007 -27"><span class='ocrx_word' id='word_1_41' title='bbox 141 908 284 974; x_wconf 91' lang='lat' dir='ltr'><strong>libellum</strong></span> <span class='ocrx_word' id='word_1_42' title='bbox 310 913 426 975; x_wconf 87' lang='lat' dir='ltr'><strong>erroris</strong></span> <span class='ocrx_word' id='word_1_43' title='bbox 456 913 523 993; x_wconf 91' lang='lat' dir='ltr'><strong>sui,</strong></span> <span class='ocrx_word' id='word_1_44' title='bbox 552 912 628 996; x_wconf 90' lang='lat' dir='ltr'><strong>quia</strong></span> <span class='ocrx_word' id='word_1_45' title='bbox 653 913 750 976; x_wconf 87' lang='lat' dir='ltr'><strong>trium</strong></span> <span class='ocrx_word' id='word_1_46' title='bbox 782 913 995 999; x_wconf 88' lang='lat' dir='ltr'><strong>capitulorum</strong></span> <span class='ocrx_word' id='word_1_47' title='bbox 1024 913 1263 980; x_wconf 83' lang='lat' dir='ltr'><strong>damnatoribus</strong></span> 
     </span>
     <span class='ocr_line' id='line_1_7' title="bbox 144 995 1264 1086; baseline 0.006 -30"><span class='ocrx_word' id='word_1_48' title='bbox 144 995 413 1059; x_wconf 79' lang='lat' dir='ltr'><strong>communicarat⁰</strong></span> <span class='ocrx_word' id='word_1_49' title='bbox 439 995 621 1060; x_wconf 84' lang='lat' dir='ltr'><strong>Ravennae.</strong></span> <span class='ocrx_word' id='word_1_50' title='bbox 674 995 813 1061; x_wconf 86' lang='lat' dir='ltr'><strong>Nomina</strong></span> <span class='ocrx_word' id='word_1_51' title='bbox 848 1019 923 1062; x_wconf 92' lang='lat' dir='ltr'><strong>vero</strong></span> <span class='ocrx_word' id='word_1_52' title='bbox 951 999 1177 1084; x_wconf 89' lang='lat' dir='ltr'><strong>episcoporum</strong></span> <span class='ocrx_word' id='word_1_53' title='bbox 1208 1002 1264 1086; x_wconf 91' lang='lat' dir='ltr'><strong>qui</strong></span> 
     </span>
    </p>

    <p class='ocr_par' dir='ltr' id='par_1_3' title="bbox 143 1076 1263 1166">
     <span class='ocr_line' id='line_1_8' title="bbox 143 1076 1263 1166; baseline 0.006 -26"><span class='ocrx_word' id='word_1_54' title='bbox 143 1100 179 1142; x_wconf 90' lang='lat' dir='ltr'><strong>se</strong></span> <span class='ocrx_word' id='word_1_55' title='bbox 194 1076 235 1140; x_wconf 91' lang='lat' dir='ltr'><strong>ab</strong></span> <span class='ocrx_word' id='word_1_56' title='bbox 250 1076 311 1141; x_wconf 92' lang='lat' dir='ltr'><strong>hoc</strong></span> <span class='ocrx_word' id='word_1_57' title='bbox 327 1079 497 1144; x_wconf 78' lang='lat' dir='ltr'><strong>scismate³</strong></span> <span class='ocrx_word' id='word_1_58' title='bbox 513 1079 724 1144; x_wconf 83' lang='lat' dir='ltr'><strong>cohibuerunt</strong></span> <span class='ocrx_word' id='word_1_59' title='bbox 737 1079 816 1145; x_wconf 87' lang='lat' dir='ltr'><strong>haec</strong></span> <span class='ocrx_word' id='word_1_60' title='bbox 833 1091 922 1146; x_wconf 92' lang='lat' dir='ltr'><strong>sunt:</strong></span> <span class='ocrx_word' id='word_1_61' title='bbox 941 1083 1055 1146; x_wconf 90' lang='lat' dir='ltr'><strong>Petrus</strong></span> <span class='ocrx_word' id='word_1_62' title='bbox 1071 1082 1110 1146; x_wconf 88' lang='lat' dir='ltr'><strong>de</strong></span> <span class='ocrx_word' id='word_1_63' title='bbox 1126 1081 1263 1166; x_wconf 65' lang='lat' dir='ltr'><strong>Alanoi,</strong></span> 
     </span>
    </p>
   </div>
   <div class='ocr_carea' id='block_1_3' title="bbox 143 1292 1263 1523">
    <p class='ocr_par' dir='ltr' id='par_1_4' title="bbox 143 1292 1263 1523">
     <span class='ocr_line' id='line_1_9' title="bbox 144 1292 1263 1349; baseline 0.008 -15"><span class='ocrx_word' id='word_1_64' title='bbox 144 1292 168 1345; x_wconf 86' lang='lat' dir='ltr'><strong>a)</strong></span> <span class='ocrx_word' id='word_1_65' title='bbox 184 1295 245 1336; x_wconf 85' lang='lat' dir='ltr'><strong>iuste</strong></span> <span class='ocrx_word' id='word_1_66' title='bbox 261 1307 319 1335; x_wconf 86' lang='lat' dir='ltr'><strong>carr.</strong></span> <span class='ocrx_word' id='word_1_67' title='bbox 336 1297 420 1336; x_wconf 83' lang='lat' dir='ltr'><strong>iniuste</strong></span> <span class='ocrx_word' id='word_1_68' title='bbox 437 1297 458 1337; x_wconf 82' lang='lat' dir='ltr'><strong>G</strong></span> <span class='ocrx_word' id='word_1_69' title='bbox 474 1299 494 1338; x_wconf 88' lang='lat'><strong>1.</strong></span> <span class='ocrx_word' id='word_1_70' title='bbox 513 1300 537 1347; x_wconf 73' lang='lat'><strong>25</strong></span> <span class='ocrx_word' id='word_1_71' title='bbox 554 1309 576 1348; x_wconf 87' lang='lat' dir='ltr'><strong>p.</strong></span> <span class='ocrx_word' id='word_1_72' title='bbox 594 1300 687 1340; x_wconf 86' lang='lat' dir='ltr'><strong>eosdem</strong></span> <span class='ocrx_word' id='word_1_73' title='bbox 710 1300 804 1338; x_wconf 90' lang='lat' dir='ltr'><strong>omnino</strong></span> <span class='ocrx_word' id='word_1_74' title='bbox 825 1300 912 1340; x_wconf 87' lang='lat' dir='ltr'><strong>iniuste</strong></span> <span class='ocrx_word' id='word_1_75' title='bbox 933 1301 1083 1349; x_wconf 66' lang='lat' dir='ltr'><strong>correptura</strong></span> <span class='ocrx_word' id='word_1_76' title='bbox 1101 1302 1112 1338; x_wconf 94' lang='lat'>1</span> <span class='ocrx_word' id='word_1_77' title='bbox 1129 1311 1263 1349; x_wconf 72' lang='lat' dir='ltr'><strong>ecem-31).</strong></span> 
     </span>
     <span class='ocr_line' id='line_1_10' title="bbox 144 1353 1263 1411; baseline 0.009 -19"><span class='ocrx_word' id='word_1_78' title='bbox 144 1353 210 1392; x_wconf 86' lang='lat' dir='ltr'><strong>adest</strong></span> <span class='ocrx_word' id='word_1_79' title='bbox 226 1355 320 1394; x_wconf 89' lang='lat' dir='ltr'><strong>omnino</strong></span> <span class='ocrx_word' id='word_1_80' title='bbox 336 1355 395 1395; x_wconf 87' lang='lat' dir='ltr'><strong>iuste</strong></span> <span class='ocrx_word' id='word_1_81' title='bbox 411 1357 429 1394; x_wconf 79' lang='lat' dir='ltr'><strong>F</strong></span> <span class='ocrx_word' id='word_1_82' title='bbox 446 1358 480 1396; x_wconf 72' lang='lat' dir='ltr'><strong>ia.</strong></span> <span class='ocrx_word' id='word_1_83' title='bbox 541 1355 565 1407; x_wconf 88' lang='lat' dir='ltr'><strong>b)</strong></span> <span class='ocrx_word' id='word_1_84' title='bbox 581 1358 730 1398; x_wconf 87' lang='lat' dir='ltr'><strong>Mauriniano</strong></span> <span class='ocrx_word' id='word_1_85' title='bbox 747 1357 768 1398; x_wconf 77' lang='lat' dir='ltr'><strong>G</strong></span> <span class='ocrx_word' id='word_1_86' title='bbox 783 1359 817 1409; x_wconf 76' lang='lat' dir='ltr'><strong>bc,</strong></span> <span class='ocrx_word' id='word_1_87' title='bbox 833 1370 890 1398; x_wconf 82' lang='lat' dir='ltr'><strong>corr.</strong></span> <span class='ocrx_word' id='word_1_88' title='bbox 906 1359 1029 1399; x_wconf 75' lang='lat' dir='ltr'><strong>Macriano</strong></span> <span class='ocrx_word' id='word_1_89' title='bbox 1046 1358 1094 1411; x_wconf 70' lang='lat'><strong>(41,</strong></span> <span class='ocrx_word' id='word_1_90' title='bbox 1111 1365 1130 1398; x_wconf 84' lang='lat' dir='ltr'><strong>et</strong></span> <span class='ocrx_word' id='word_1_91' title='bbox 1145 1360 1177 1398; x_wconf 83' lang='lat' dir='ltr'><strong>ita</strong></span> <span class='ocrx_word' id='word_1_92' title='bbox 1194 1358 1214 1400; x_wconf 79' lang='lat' dir='ltr'><strong>G</strong></span> <span class='ocrx_word' id='word_1_93' title='bbox 1230 1355 1263 1402; x_wconf 75' lang='lat'><strong>⁸2.</strong></span> 
     </span>
     <span class='ocr_line' id='line_1_11' title="bbox 146 1413 1263 1470; baseline 0.006 -19"><span class='ocrx_word' id='word_1_94' title='bbox 146 1413 166 1454; x_wconf 75' lang='lat'><strong>2.</strong></span> <span class='ocrx_word' id='word_1_95' title='bbox 185 1413 220 1453; x_wconf 83' lang='lat' dir='ltr'><strong>bs.</strong></span> <span class='ocrx_word' id='word_1_96' title='bbox 237 1414 249 1452; x_wconf 93' lang='lat'>1</span> <span class='ocrx_word' id='word_1_97' title='bbox 266 1416 290 1462; x_wconf 79' lang='lat'><strong>13</strong></span> <span class='ocrx_word' id='word_1_98' title='bbox 306 1414 396 1454; x_wconf 84' lang='lat' dir='ltr'><strong>Marino</strong></span> <span class='ocrx_word' id='word_1_99' title='bbox 413 1414 433 1454; x_wconf 81' lang='lat' dir='ltr'>G</span> <span class='ocrx_word' id='word_1_100' title='bbox 449 1417 470 1458; x_wconf 83' lang='grc'><strong>3,</strong></span> <span class='ocrx_word' id='word_1_101' title='bbox 486 1417 513 1464; x_wconf 85' lang='grc'><strong>4;</strong></span> <span class='ocrx_word' id='word_1_102' title='bbox 530 1417 568 1456; x_wconf 89' lang='lat' dir='ltr'><strong>vel</strong></span> <span class='ocrx_word' id='word_1_103' title='bbox 583 1415 688 1457; x_wconf 88' lang='lat' dir='ltr'><strong>Arimino</strong></span> <span class='ocrx_word' id='word_1_104' title='bbox 705 1418 756 1457; x_wconf 84' lang='lat' dir='ltr'><strong>add.</strong></span> <span class='ocrx_word' id='word_1_105' title='bbox 772 1417 796 1456; x_wconf 84' lang='lat' dir='ltr'><strong>in</strong></span> <span class='ocrx_word' id='word_1_106' title='bbox 812 1429 880 1466; x_wconf 73' lang='lat' dir='ltr'><strong>marp.</strong></span> <span class='ocrx_word' id='word_1_107' title='bbox 896 1429 952 1456; x_wconf 83' lang='lat' dir='ltr'><strong>corr.</strong></span> <span class='ocrx_word' id='word_1_108' title='bbox 967 1419 986 1456; x_wconf 78' lang='lat' dir='ltr'><strong>F</strong></span> <span class='ocrx_word' id='word_1_109' title='bbox 1003 1420 1023 1457; x_wconf 91' lang='lat'><strong>1.</strong></span> <span class='ocrx_word' id='word_1_110' title='bbox 1100 1416 1121 1470; x_wconf 90' lang='lat' dir='ltr'><strong>c)</strong></span> <span class='ocrx_word' id='word_1_111' title='bbox 1137 1418 1263 1458; x_wconf 88' lang='lat' dir='ltr'><strong>communi·</strong></span> 
     </span>
     <span class='ocr_line' id='line_1_12' title="bbox 143 1473 768 1523; baseline 0.006 -13"><span class='ocrx_word' id='word_1_112' title='bbox 143 1475 207 1512; x_wconf 86' lang='lat' dir='ltr'><strong>caret</strong></span> <span class='ocrx_word' id='word_1_113' title='bbox 221 1473 240 1510; x_wconf 81' lang='lat' dir='ltr'>F</span> <span class='ocrx_word' id='word_1_114' title='bbox 258 1474 278 1523; x_wconf 93' lang='lat'><strong>1,</strong></span> <span class='ocrx_word' id='word_1_115' title='bbox 294 1473 378 1512; x_wconf 82' lang='lat' dir='ltr'><strong>duabus</strong></span> <span class='ocrx_word' id='word_1_116' title='bbox 393 1474 469 1514; x_wconf 83' lang='lat' dir='ltr'><strong>litteris</strong></span> <span class='ocrx_word' id='word_1_117' title='bbox 484 1480 534 1514; x_wconf 87' lang='lat' dir='ltr'><strong>ants</strong></span> <span class='ocrx_word' id='word_1_118' title='bbox 550 1475 676 1516; x_wconf 84' lang='lat' dir='ltr'><strong>Ravennae</strong></span> <span class='ocrx_word' id='word_1_119' title='bbox 692 1477 768 1515; x_wconf 79' lang='lat' dir='ltr'><strong>erasis.</strong></span> 
     </span>
    </p>
   </div>
   <div class='ocr_carea' id='block_1_4' title="bbox 99 1657 1264 4431">
    <p class='ocr_par' dir='ltr' id='par_1_5' title="bbox 99 1657 1264 4214">
     <span class='ocr_line' id='line_1_13' title="bbox 99 1657 1263 1728; baseline 0.003 -18"><span class='ocrx_word' id='word_1_120' title='bbox 99 1705 101 1710; x_wconf 93' lang='lat'><em>.</em></span> <span class='ocrx_word' id='word_1_121' title='bbox 141 1657 239 1708; x_wconf 85' lang='lat' dir='ltr'><strong>scilicet</strong></span> <span class='ocrx_word' id='word_1_122' title='bbox 258 1667 318 1710; x_wconf 91' lang='lat' dir='ltr'><strong>ante</strong></span> <span class='ocrx_word' id='word_1_123' title='bbox 345 1657 460 1709; x_wconf 88' lang='lat' dir='ltr'><strong>medium</strong></span> <span class='ocrx_word' id='word_1_124' title='bbox 480 1677 505 1708; x_wconf 91' lang='lat' dir='ltr'><strong>a.</strong></span> <span class='ocrx_word' id='word_1_125' title='bbox 527 1661 589 1711; x_wconf 78' lang='lat'>590.</span> <span class='ocrx_word' id='word_1_126' title='bbox 610 1659 777 1726; x_wconf 79' lang='lat' dir='ltr'><strong>Smarapdus</strong></span> <span class='ocrx_word' id='word_1_127' title='bbox 800 1661 932 1727; x_wconf 80' lang='lat' dir='ltr'><strong>patricius</strong></span> <span class='ocrx_word' id='word_1_128' title='bbox 953 1661 1204 1728; x_wconf 82' lang='lat' dir='ltr'><strong>Oonstantinopclim</strong></span> <span class='ocrx_word' id='word_1_129' title='bbox 1222 1681 1263 1714; x_wconf 92' lang='lat' dir='ltr'><strong>re-</strong></span> 
     </span>
     <span class='ocr_line' id='line_1_14' title="bbox 145 1732 1263 1802; baseline 0.006 -21"><span class='ocrx_word' id='word_1_130' title='bbox 145 1739 251 1782; x_wconf 84' lang='lat' dir='ltr'><strong>uocatus</strong></span> <span class='ocrx_word' id='word_1_131' title='bbox 270 1749 443 1786; x_wconf 69' lang='lat' dir='ltr'><strong>successorem</strong></span> <span class='ocrx_word' id='word_1_132' title='bbox 462 1732 554 1783; x_wconf 85' lang='lat' dir='ltr'><strong>babuit</strong></span> <span class='ocrx_word' id='word_1_133' title='bbox 567 1733 724 1784; x_wconf 85' lang='lat' dir='ltr'><strong>Romanum.</strong></span> <span class='ocrx_word' id='word_1_134' title='bbox 746 1733 887 1802; x_wconf 74' lang='lat' dir='ltr'><strong>Gregorius</strong></span> <span class='ocrx_word' id='word_1_135' title='bbox 901 1735 1019 1802; x_wconf 80' lang='lat' dir='ltr'><strong>Mapnus</strong></span> <span class='ocrx_word' id='word_1_136' title='bbox 1039 1743 1134 1800; x_wconf 87' lang='lat' dir='ltr'><strong>autem,</strong></span> <span class='ocrx_word' id='word_1_137' title='bbox 1154 1754 1180 1788; x_wconf 85' lang='lat' dir='ltr'><strong>a.</strong></span> <span class='ocrx_word' id='word_1_138' title='bbox 1201 1737 1263 1788; x_wconf 80' lang='grc'><strong>590.</strong></span> 
     </span>
     <span class='ocr_line' id='line_1_15' title="bbox 142 1802 1263 1876; baseline 0.004 -21"><span class='ocrx_word' id='word_1_139' title='bbox 142 1802 215 1870; x_wconf 76' lang='lat' dir='ltr'><strong>Sept.</strong></span> <span class='ocrx_word' id='word_1_140' title='bbox 230 1822 310 1870; x_wconf 90' lang='lat' dir='ltr'><strong>papa</strong></span> <span class='ocrx_word' id='word_1_141' title='bbox 328 1813 502 1868; x_wconf 89' lang='lat' dir='ltr'><strong>consecratus,</strong></span> <span class='ocrx_word' id='word_1_142' title='bbox 533 1807 623 1857; x_wconf 91' lang='lat' dir='ltr'><strong>eodem</strong></span> <span class='ocrx_word' id='word_1_143' title='bbox 652 1807 739 1857; x_wconf 85' lang='lat' dir='ltr'><strong>adbuc</strong></span> <span class='ocrx_word' id='word_1_144' title='bbox 768 1825 838 1859; x_wconf 91' lang='lat' dir='ltr'><strong>anno</strong></span> <span class='ocrx_word' id='word_1_145' title='bbox 868 1825 926 1860; x_wconf 89' lang='lat' dir='ltr'><strong>cum</strong></span> <span class='ocrx_word' id='word_1_146' title='bbox 947 1809 1069 1876; x_wconf 79' lang='lat' dir='ltr'><strong>jussione</strong></span> <span class='ocrx_word' id='word_1_147' title='bbox 1096 1807 1263 1874; x_wconf 83' lang='lat' dir='ltr'><strong>imperatoris</strong></span> 
     </span>
     <span class='ocr_line' id='line_1_16' title="bbox 142 1867 1263 1948; baseline 0.005 -20"><span class='ocrx_word' id='word_1_148' title='bbox 142 1867 270 1930; x_wconf 75' lang='lat' dir='ltr'><strong>Scodram</strong></span> <span class='ocrx_word' id='word_1_149' title='bbox 289 1877 476 1944; x_wconf 77' lang='lat' dir='ltr'><strong>patriarcham</strong></span> <span class='ocrx_word' id='word_1_150' title='bbox 505 1879 617 1930; x_wconf 84' lang='lat' dir='ltr'><strong>Romam</strong></span> <span class='ocrx_word' id='word_1_151' title='bbox 642 1879 754 1942; x_wconf 81' lang='lat' dir='ltr'><strong>vocavit,</strong></span> <span class='ocrx_word' id='word_1_152' title='bbox 781 1889 810 1931; x_wconf 92' lang='lat' dir='ltr'><strong>ut</strong></span> <span class='ocrx_word' id='word_1_153' title='bbox 828 1881 866 1932; x_wconf 87' lang='lat' dir='ltr'><strong>ibi</strong></span> <span class='ocrx_word' id='word_1_154' title='bbox 883 1882 1063 1948; x_wconf 80' lang='lat' dir='ltr'><strong>judicaretur.</strong></span> <span class='ocrx_word' id='word_1_155' title='bbox 1104 1881 1155 1943; x_wconf 73' lang='lat' dir='ltr'><strong>cai</strong></span> <span class='ocrx_word' id='word_1_156' title='bbox 1174 1883 1263 1934; x_wconf 86' lang='lat' dir='ltr'><strong>statim</strong></span> 
     </span>
     <span class='ocr_line' id='line_1_17' title="bbox 141 1950 1264 2022; baseline 0.004 -20"><span class='ocrx_word' id='word_1_157' title='bbox 141 1968 201 2002; x_wconf 87' lang='lat' dir='ltr'><strong>curn</strong></span> <span class='ocrx_word' id='word_1_158' title='bbox 219 1951 276 2002; x_wconf 90' lang='lat' dir='ltr'><strong>suis</strong></span> <span class='ocrx_word' id='word_1_159' title='bbox 296 1950 423 2016; x_wconf 86' lang='lat' dir='ltr'><strong>episcopis</strong></span> <span class='ocrx_word' id='word_1_160' title='bbox 443 1952 480 2002; x_wconf 89' lang='lat' dir='ltr'><strong>ad</strong></span> <span class='ocrx_word' id='word_1_161' title='bbox 498 1951 682 2018; x_wconf 78' lang='lat' dir='ltr'><strong>imperatorem</strong></span> <span class='ocrx_word' id='word_1_162' title='bbox 708 1953 868 2019; x_wconf 83' lang='lat' dir='ltr'><strong>appellauit,·</strong></span> <span class='ocrx_word' id='word_1_163' title='bbox 895 1972 1002 2020; x_wconf 81' lang='lat' dir='ltr'><strong>unaque</strong></span> <span class='ocrx_word' id='word_1_164' title='bbox 1021 1957 1075 2022; x_wconf 80' lang='lat' dir='ltr'><strong>ejus</strong></span> <span class='ocrx_word' id='word_1_165' title='bbox 1100 1955 1264 2022; x_wconf 84' lang='lat' dir='ltr'><strong>saffrapanei</strong></span> 
     </span>
     <span class='ocr_line' id='line_1_18' title="bbox 140 2024 1261 2094; baseline 0.004 -20"><span class='ocrx_word' id='word_1_166' title='bbox 140 2024 189 2075; x_wconf 87' lang='lat' dir='ltr'><strong>sub</strong></span> <span class='ocrx_word' id='word_1_167' title='bbox 219 2024 406 2092; x_wconf 84' lang='lat' dir='ltr'><strong>Lanpobardis</strong></span> <span class='ocrx_word' id='word_1_168' title='bbox 434 2026 567 2078; x_wconf 87' lang='lat' dir='ltr'><strong>constituti</strong></span> <span class='ocrx_word' id='word_1_169' title='bbox 598 2027 713 2078; x_wconf 83' lang='lat' dir='ltr'><strong>libellum</strong></span> <span class='ocrx_word' id='word_1_170' title='bbox 743 2028 886 2093; x_wconf 72' lang='lat' dir='ltr'><strong>supplicem</strong></span> <span class='ocrx_word' id='word_1_171' title='bbox 916 2027 1072 2094; x_wconf 85' lang='lat' dir='ltr'><strong>imperatori</strong></span> <span class='ocrx_word' id='word_1_172' title='bbox 1098 2027 1261 2092; x_wconf 71' lang='lat' dir='ltr'><strong>diremerunt,</strong></span> 
     </span>
     <span class='ocr_line' id='line_1_19' title="bbox 140 2096 1261 2168; baseline 0.002 -20"><span class='ocrx_word' id='word_1_173' title='bbox 140 2115 216 2164; x_wconf 85' lang='lat' dir='ltr'><strong>quem</strong></span> <span class='ocrx_word' id='word_1_174' title='bbox 235 2096 332 2148; x_wconf 80' lang='lat' dir='ltr'><strong>videsis</strong></span> <span class='ocrx_word' id='word_1_175' title='bbox 356 2098 430 2164; x_wconf 85' lang='lat' dir='ltr'><strong>apud</strong></span> <span class='ocrx_word' id='word_1_176' title='bbox 448 2099 599 2150; x_wconf 88' lang='lat' dir='ltr'><strong>Baronium</strong></span> <span class='ocrx_word' id='word_1_177' title='bbox 627 2099 677 2162; x_wconf 87' lang='lat' dir='ltr'><strong>IX,</strong></span> <span class='ocrx_word' id='word_1_178' title='bbox 698 2101 766 2162; x_wconf 81' lang='lat'>9043</span> <span class='ocrx_word' id='word_1_179' title='bbox 797 2101 890 2151; x_wconf 87' lang='lat' dir='ltr'><strong>Mansi</strong></span> <span class='ocrx_word' id='word_1_180' title='bbox 908 2101 941 2165; x_wconf 89' lang='lat' dir='ltr'><strong>X,</strong></span> <span class='ocrx_word' id='word_1_181' title='bbox 961 2101 1031 2161; x_wconf 74' lang='lat'><strong>4635</strong></span> <span class='ocrx_word' id='word_1_182' title='bbox 1064 2101 1153 2168; x_wconf 79' lang='lat' dir='ltr'><strong>Tropa</strong></span> <span class='ocrx_word' id='word_1_183' title='bbox 1172 2101 1196 2165; x_wconf 92' lang='lat' dir='ltr'><strong>I,</strong></span> <span class='ocrx_word' id='word_1_184' title='bbox 1219 2103 1261 2166; x_wconf 80' lang='lat'><strong>79,</strong></span> 
     </span>
     <span class='ocr_line' id='line_1_20' title="bbox 136 2171 1261 2240; baseline 0.003 -18"><span class='ocrx_word' id='word_1_185' title='bbox 136 2179 262 2238; x_wconf 88' lang='lat' dir='ltr'><strong>petentes,</strong></span> <span class='ocrx_word' id='word_1_186' title='bbox 282 2187 316 2222; x_wconf 86' lang='lat' dir='ltr'><strong>ne</strong></span> <span class='ocrx_word' id='word_1_187' title='bbox 336 2172 371 2221; x_wconf 88' lang='lat' dir='ltr'><strong>ad</strong></span> <span class='ocrx_word' id='word_1_188' title='bbox 390 2171 462 2222; x_wconf 90' lang='lat' dir='ltr'><strong>illins</strong></span> <span class='ocrx_word' id='word_1_189' title='bbox 491 2172 629 2236; x_wconf 86' lang='lat' dir='ltr'><strong>iudicium,</strong></span> <span class='ocrx_word' id='word_1_190' title='bbox 659 2171 782 2240; x_wconf 77' lang='lat' dir='ltr'><strong>Greporii</strong></span> <span class='ocrx_word' id='word_1_191' title='bbox 800 2171 905 2238; x_wconf 84' lang='lat' dir='ltr'><strong>scilicet,</strong></span> <span class='ocrx_word' id='word_1_192' title='bbox 935 2180 1093 2240; x_wconf 85' lang='lat' dir='ltr'><strong>cogerentur</strong></span> <span class='ocrx_word' id='word_1_193' title='bbox 1113 2191 1261 2238; x_wconf 84' lang='lat' dir='ltr'><strong>occurrere,</strong></span> 
     </span>
     <span class='ocr_line' id='line_1_21' title="bbox 141 2245 1261 2311; baseline 0.004 -17"><span class='ocrx_word' id='word_1_194' title='bbox 141 2261 201 2295; x_wconf 90' lang='lat' dir='ltr'><strong>oum</strong></span> <span class='ocrx_word' id='word_1_195' title='bbox 221 2260 273 2308; x_wconf 87' lang='lat' dir='ltr'><strong>quo</strong></span> <span class='ocrx_word' id='word_1_196' title='bbox 294 2260 376 2294; x_wconf 88' lang='lat' dir='ltr'><strong>causa</strong></span> <span class='ocrx_word' id='word_1_197' title='bbox 395 2247 454 2310; x_wconf 89' lang='lat' dir='ltr'><strong>ipsa</strong></span> <span class='ocrx_word' id='word_1_198' title='bbox 475 2261 533 2296; x_wconf 83' lang='lat' dir='ltr'><strong>ease</strong></span> <span class='ocrx_word' id='word_1_199' title='bbox 563 2245 736 2311; x_wconf 79' lang='lat' dir='ltr'><strong>dignoscitur,</strong></span> <span class='ocrx_word' id='word_1_200' title='bbox 766 2252 793 2296; x_wconf 91' lang='lat' dir='ltr'><strong>et</strong></span> <span class='ocrx_word' id='word_1_201' title='bbox 812 2248 888 2297; x_wconf 88' lang='lat' dir='ltr'><strong>cuius</strong></span> <span class='ocrx_word' id='word_1_202' title='bbox 915 2249 1192 2298; x_wconf 85' lang='lat' dir='ltr'><strong>communionem...</strong></span> <span class='ocrx_word' id='word_1_203' title='bbox 1213 2264 1261 2299; x_wconf 92' lang='lat' dir='ltr'><strong>nos</strong></span> 
     </span>
     <span class='ocr_line' id='line_1_22' title="bbox 140 2317 1261 2383; baseline 0.003 -15"><span class='ocrx_word' id='word_1_204' title='bbox 140 2334 201 2368; x_wconf 90' lang='lat' dir='ltr'><strong>cum</strong></span> <span class='ocrx_word' id='word_1_205' title='bbox 221 2319 292 2366; x_wconf 89' lang='lat' dir='ltr'><strong>omni</strong></span> <span class='ocrx_word' id='word_1_206' title='bbox 310 2317 409 2383; x_wconf 91' lang='lat' dir='ltr'><strong>populo</strong></span> <span class='ocrx_word' id='word_1_207' title='bbox 429 2319 575 2380; x_wconf 80' lang='lat' dir='ltr'><strong>evitamus3</strong></span> <span class='ocrx_word' id='word_1_208' title='bbox 596 2320 720 2383; x_wconf 89' lang='lat' dir='ltr'><strong>qnoniam</strong></span> <span class='ocrx_word' id='word_1_209' title='bbox 741 2320 781 2368; x_wconf 89' lang='lat' dir='ltr'><strong>sic</strong></span> <span class='ocrx_word' id='word_1_210' title='bbox 809 2321 919 2369; x_wconf 82' lang='lat' dir='ltr'><strong>accensi</strong></span> <span class='ocrx_word' id='word_1_211' title='bbox 944 2325 1006 2369; x_wconf 89' lang='lat' dir='ltr'><strong>sunt</strong></span> <span class='ocrx_word' id='word_1_212' title='bbox 1025 2337 1116 2370; x_wconf 90' lang='lat' dir='ltr'><strong>omues</strong></span> <span class='ocrx_word' id='word_1_213' title='bbox 1139 2321 1261 2372; x_wconf 87' lang='lat' dir='ltr'><strong>homines</strong></span> 
     </span>
     <span class='ocr_line' id='line_1_23' title="bbox 139 2389 1261 2458; baseline 0.003 -19"><span class='ocrx_word' id='word_1_214' title='bbox 139 2389 258 2456; x_wconf 87' lang='lat' dir='ltr'><strong>plebium</strong></span> <span class='ocrx_word' id='word_1_215' title='bbox 277 2396 427 2440; x_wconf 85' lang='lat' dir='ltr'><strong>nostrarum</strong></span> <span class='ocrx_word' id='word_1_216' title='bbox 446 2391 474 2439; x_wconf 91' lang='lat' dir='ltr'><strong>in</strong></span> <span class='ocrx_word' id='word_1_217' title='bbox 494 2406 575 2441; x_wconf 88' lang='lat' dir='ltr'><strong>causa</strong></span> <span class='ocrx_word' id='word_1_218' title='bbox 594 2393 653 2452; x_wconf 89' lang='lat' dir='ltr'><strong>ista,</strong></span> <span class='ocrx_word' id='word_1_219' title='bbox 673 2397 703 2440; x_wconf 89' lang='lat' dir='ltr'><strong>nt</strong></span> <span class='ocrx_word' id='word_1_220' title='bbox 721 2397 783 2442; x_wconf 83' lang='lat' dir='ltr'><strong>ants</strong></span> <span class='ocrx_word' id='word_1_221' title='bbox 803 2398 913 2442; x_wconf 87' lang='lat' dir='ltr'><strong>mortem</strong></span> <span class='ocrx_word' id='word_1_222' title='bbox 933 2393 1046 2458; x_wconf 86' lang='lat' dir='ltr'><strong>perpeti,</strong></span> <span class='ocrx_word' id='word_1_223' title='bbox 1067 2408 1145 2457; x_wconf 87' lang='lat' dir='ltr'><strong>quam</strong></span> <span class='ocrx_word' id='word_1_224' title='bbox 1160 2393 1193 2442; x_wconf 89' lang='lat' dir='ltr'><strong>ab</strong></span> <span class='ocrx_word' id='word_1_225' title='bbox 1215 2408 1261 2442; x_wconf 87' lang='lat' dir='ltr'><strong>an·</strong></span> 
     </span>
     <span class='ocr_line' id='line_1_24' title="bbox 138 2463 1260 2532; baseline 0.003 -18"><span class='ocrx_word' id='word_1_226' title='bbox 138 2465 215 2528; x_wconf 88' lang='lat' dir='ltr'><strong>tiqua</strong></span> <span class='ocrx_word' id='word_1_227' title='bbox 226 2463 362 2513; x_wconf 85' lang='lat' dir='ltr'><strong>catholica</strong></span> <span class='ocrx_word' id='word_1_228' title='bbox 371 2464 509 2528; x_wconf 86' lang='lat' dir='ltr'><strong>patiantur</strong></span> <span class='ocrx_word' id='word_1_229' title='bbox 523 2465 708 2514; x_wconf 85' lang='lat' dir='ltr'><strong>communione</strong></span> <span class='ocrx_word' id='word_1_230' title='bbox 719 2463 821 2516; x_wconf 85' lang='lat' dir='ltr'><strong>divelli.</strong></span> <span class='ocrx_word' id='word_1_231' title='bbox 841 2465 901 2515; x_wconf 92' lang='lat' dir='ltr'><strong>Hoc</strong></span> <span class='ocrx_word' id='word_1_232' title='bbox 913 2469 1016 2516; x_wconf 88' lang='lat' dir='ltr'><strong>tantum</strong></span> <span class='ocrx_word' id='word_1_233' title='bbox 1032 2465 1209 2531; x_wconf 88' lang='lat' dir='ltr'><strong>deposcimus,</strong></span> <span class='ocrx_word' id='word_1_234' title='bbox 1223 2471 1260 2532; x_wconf 88' lang='lat' dir='ltr'><strong>ut,</strong></span> 
     </span>
     <span class='ocr_line' id='line_1_25' title="bbox 139 2535 1261 2604; baseline 0.003 -18"><span class='ocrx_word' id='word_1_235' title='bbox 139 2537 203 2602; x_wconf 84' lang='lat' dir='ltr'><strong>quia</strong></span> <span class='ocrx_word' id='word_1_236' title='bbox 222 2536 406 2587; x_wconf 87' lang='lat' dir='ltr'><strong>misericordia</strong></span> <span class='ocrx_word' id='word_1_237' title='bbox 420 2537 473 2586; x_wconf 90' lang='lat' dir='ltr'><strong>Dei</strong></span> <span class='ocrx_word' id='word_1_238' title='bbox 491 2538 519 2586; x_wconf 91' lang='lat' dir='ltr'><strong>in</strong></span> <span class='ocrx_word' id='word_1_239' title='bbox 535 2535 639 2586; x_wconf 88' lang='lat' dir='ltr'><strong>meliori</strong></span> <span class='ocrx_word' id='word_1_240' title='bbox 659 2542 731 2587; x_wconf 84' lang='lat' dir='ltr'><strong>statu</strong></span> <span class='ocrx_word' id='word_1_241' title='bbox 750 2537 847 2588; x_wconf 85' lang='lat' dir='ltr'><strong>Italiae</strong></span> <span class='ocrx_word' id='word_1_242' title='bbox 866 2543 965 2604; x_wconf 82' lang='lat' dir='ltr'><strong>partes,</strong></span> <span class='ocrx_word' id='word_1_243' title='bbox 984 2537 1124 2589; x_wconf 85' lang='lat' dir='ltr'><strong>laborante</strong></span> <span class='ocrx_word' id='word_1_244' title='bbox 1144 2537 1261 2589; x_wconf 89' lang='lat' dir='ltr'><strong>fideliter</strong></span> 
     </span>
     <span class='ocr_line' id='line_1_26' title="bbox 139 2609 1261 2676; baseline 0.004 -18"><span class='ocrx_word' id='word_1_245' title='bbox 139 2609 256 2675; x_wconf 91' lang='lat' dir='ltr'><strong>glorioso</strong></span> <span class='ocrx_word' id='word_1_246' title='bbox 276 2610 397 2659; x_wconf 88' lang='lat' dir='ltr'><strong>Romano</strong></span> <span class='ocrx_word' id='word_1_247' title='bbox 416 2611 539 2674; x_wconf 87' lang='lat' dir='ltr'><strong>patricio,</strong></span> <span class='ocrx_word' id='word_1_248' title='bbox 559 2609 691 2676; x_wconf 85' lang='lat' dir='ltr'><strong>perduxit,</strong></span> <span class='ocrx_word' id='word_1_249' title='bbox 719 2616 745 2660; x_wconf 90' lang='lat' dir='ltr'><strong>et</strong></span> <span class='ocrx_word' id='word_1_250' title='bbox 765 2612 898 2662; x_wconf 87' lang='lat' dir='ltr'><strong>credimus</strong></span> <span class='ocrx_word' id='word_1_251' title='bbox 917 2627 966 2662; x_wconf 90' lang='lat' dir='ltr'><strong>nos</strong></span> <span class='ocrx_word' id='word_1_252' title='bbox 992 2611 1125 2674; x_wconf 86' lang='lat' dir='ltr'><strong>celeriter,</strong></span> <span class='ocrx_word' id='word_1_253' title='bbox 1147 2611 1261 2663; x_wconf 88' lang='lat' dir='ltr'><strong>devictis</strong></span> 
     </span>
     <span class='ocr_line' id='line_1_27' title="bbox 139 2682 1260 2748; baseline 0.004 -16"><span class='ocrx_word' id='word_1_254' title='bbox 139 2682 273 2747; x_wconf 87' lang='lat' dir='ltr'><strong>gentibus,</strong></span> <span class='ocrx_word' id='word_1_255' title='bbox 302 2682 337 2732; x_wconf 90' lang='lat' dir='ltr'><strong>ad</strong></span> <span class='ocrx_word' id='word_1_256' title='bbox 364 2683 503 2748; x_wconf 87' lang='lat' dir='ltr'><strong>pristinam</strong></span> <span class='ocrx_word' id='word_1_257' title='bbox 531 2683 682 2734; x_wconf 87' lang='lat' dir='ltr'><strong>libertatem</strong></span> <span class='ocrx_word' id='word_1_258' title='bbox 712 2683 818 2746; x_wconf 89' lang='lat' dir='ltr'><strong>deduci,</strong></span> <span class='ocrx_word' id='word_1_259' title='bbox 909 2685 963 2736; x_wconf 90' lang='lat' dir='ltr'><strong>sint</strong></span> <span class='ocrx_word' id='word_1_260' title='bbox 988 2684 1123 2748; x_wconf 84' lang='lat' dir='ltr'><strong>induciae,</strong></span> <span class='ocrx_word' id='word_1_261' title='bbox 1153 2690 1180 2734; x_wconf 88' lang='lat' dir='ltr'><strong>et</strong></span> <span class='ocrx_word' id='word_1_262' title='bbox 1200 2701 1260 2736; x_wconf 90' lang='lat' dir='ltr'><strong>cum</strong></span> 
     </span>
     <span class='ocr_line' id='line_1_28' title="bbox 138 2756 1260 2823; baseline 0.004 -18"><span class='ocrx_word' id='word_1_263' title='bbox 138 2757 256 2807; x_wconf 88' lang='lat' dir='ltr'><strong>iussione</strong></span> <span class='ocrx_word' id='word_1_264' title='bbox 275 2761 365 2806; x_wconf 87' lang='lat' dir='ltr'><strong>vestra</strong></span> <span class='ocrx_word' id='word_1_265' title='bbox 391 2757 478 2822; x_wconf 87' lang='lat' dir='ltr'><strong>parati</strong></span> <span class='ocrx_word' id='word_1_266' title='bbox 507 2757 604 2806; x_wconf 88' lang='lat' dir='ltr'><strong>erimus</strong></span> <span class='ocrx_word' id='word_1_267' title='bbox 624 2756 659 2806; x_wconf 90' lang='lat' dir='ltr'><strong>ad</strong></span> <span class='ocrx_word' id='word_1_268' title='bbox 687 2756 772 2822; x_wconf 87' lang='lat' dir='ltr'><strong>pedes</strong></span> <span class='ocrx_word' id='word_1_269' title='bbox 799 2762 906 2809; x_wconf 87' lang='lat' dir='ltr'><strong>vestrae</strong></span> <span class='ocrx_word' id='word_1_270' title='bbox 935 2758 1043 2823; x_wconf 85' lang='lat' dir='ltr'><strong>pietatis</strong></span> <span class='ocrx_word' id='word_1_271' title='bbox 1072 2773 1212 2809; x_wconf 87' lang='lat' dir='ltr'><strong>occurrere</strong></span> <span class='ocrx_word' id='word_1_272' title='bbox 1233 2765 1260 2809; x_wconf 90' lang='lat' dir='ltr'><strong>et</strong></span> 
     </span>
     <span class='ocr_line' id='line_1_29' title="bbox 138 2827 1258 2897; baseline 0.003 -18"><span class='ocrx_word' id='word_1_273' title='bbox 138 2835 245 2880; x_wconf 86' lang='lat' dir='ltr'><strong>nostrae</strong></span> <span class='ocrx_word' id='word_1_274' title='bbox 265 2827 329 2879; x_wconf 85' lang='lat' dir='ltr'><strong>fidei</strong></span> <span class='ocrx_word' id='word_1_275' title='bbox 355 2827 462 2894; x_wconf 89' lang='lat' dir='ltr'><strong>plenam</strong></span> <span class='ocrx_word' id='word_1_276' title='bbox 486 2829 599 2880; x_wconf 86' lang='lat' dir='ltr'><strong>reddere</strong></span> <span class='ocrx_word' id='word_1_277' title='bbox 624 2830 764 2880; x_wconf 87' lang='lat' dir='ltr'><strong>rationem.</strong></span> <span class='ocrx_word' id='word_1_278' title='bbox 810 2829 912 2892; x_wconf 75' lang='lat' dir='ltr'><strong>Quibus</strong></span> <span class='ocrx_word' id='word_1_279' title='bbox 935 2831 1076 2897; x_wconf 81' lang='lat' dir='ltr'><strong>indulpens</strong></span> <span class='ocrx_word' id='word_1_280' title='bbox 1102 2829 1258 2895; x_wconf 81' lang='lat' dir='ltr'><strong>Mauritius,</strong></span> 
     </span>
     <span class='ocr_line' id='line_1_30' title="bbox 139 2901 1260 2971; baseline 0.002 -19"><span class='ocrx_word' id='word_1_281' title='bbox 139 2901 264 2968; x_wconf 76' lang='lat' dir='ltr'><strong>Greporio</strong></span> <span class='ocrx_word' id='word_1_282' title='bbox 282 2901 430 2966; x_wconf 75' lang='lat' dir='ltr'><strong>rescripsit:</strong></span> <span class='ocrx_word' id='word_1_283' title='bbox 451 2903 520 2964; x_wconf 81' lang='lat' dir='ltr'><strong>Quia</strong></span> <span class='ocrx_word' id='word_1_284' title='bbox 538 2909 585 2953; x_wconf 85' lang='lat' dir='ltr'><strong>tna</strong></span> <span class='ocrx_word' id='word_1_285' title='bbox 604 2903 733 2954; x_wconf 88' lang='lat' dir='ltr'><strong>sanctitas</strong></span> <span class='ocrx_word' id='word_1_286' title='bbox 753 2906 893 2969; x_wconf 84' lang='lat' dir='ltr'><strong>cognoscit</strong></span> <span class='ocrx_word' id='word_1_287' title='bbox 910 2909 1078 2971; x_wconf 87' lang='lat' dir='ltr'><strong>praesentem</strong></span> <span class='ocrx_word' id='word_1_288' title='bbox 1097 2920 1185 2955; x_wconf 88' lang='lat' dir='ltr'><strong>rernm</strong></span> <span class='ocrx_word' id='word_1_289' title='bbox 1204 2905 1260 2954; x_wconf 87' lang='lat' dir='ltr'><strong>Ita·</strong></span> 
     </span>
     <span class='ocr_line' id='line_1_31' title="bbox 136 2974 1259 3044; baseline 0.003 -18"><span class='ocrx_word' id='word_1_290' title='bbox 136 2977 248 3027; x_wconf 83' lang='lat' dir='ltr'><strong>licamm</strong></span> <span class='ocrx_word' id='word_1_291' title='bbox 269 2974 451 3026; x_wconf 84' lang='lat' dir='ltr'><strong>confusionem</strong></span> <span class='ocrx_word' id='word_1_292' title='bbox 480 2982 507 3026; x_wconf 87' lang='lat' dir='ltr'><strong>et</strong></span> <span class='ocrx_word' id='word_1_293' title='bbox 527 2975 598 3042; x_wconf 90' lang='lat' dir='ltr'><strong>quod</strong></span> <span class='ocrx_word' id='word_1_294' title='bbox 627 2981 733 3042; x_wconf 90' lang='lat' dir='ltr'><strong>oportet</strong></span> <span class='ocrx_word' id='word_1_295' title='bbox 760 2977 923 3044; x_wconf 89' lang='lat' dir='ltr'><strong>temporibus</strong></span> <span class='ocrx_word' id='word_1_296' title='bbox 949 2982 1131 3044; x_wconf 87' lang='lat' dir='ltr'><strong>competenter</strong></span> <span class='ocrx_word' id='word_1_297' title='bbox 1149 2980 1259 3038; x_wconf 85' lang='lat' dir='ltr'><strong>versari,</strong></span> 
     </span>
     <span class='ocr_line' id='line_1_32' title="bbox 136 3049 1258 3114; baseline 0.002 -14"><span class='ocrx_word' id='word_1_298' title='bbox 136 3049 267 3112; x_wconf 86' lang='lat' dir='ltr'><strong>iubemus,</strong></span> <span class='ocrx_word' id='word_1_299' title='bbox 292 3054 365 3099; x_wconf 89' lang='lat' dir='ltr'><strong>tuam</strong></span> <span class='ocrx_word' id='word_1_300' title='bbox 389 3051 559 3100; x_wconf 85' lang='lat' dir='ltr'><strong>sanctitatem</strong></span> <span class='ocrx_word' id='word_1_301' title='bbox 583 3049 735 3100; x_wconf 84' lang='lat' dir='ltr'><strong>nullatenus</strong></span> <span class='ocrx_word' id='word_1_302' title='bbox 761 3049 911 3101; x_wconf 87' lang='lat' dir='ltr'><strong>molestiam</strong></span> <span class='ocrx_word' id='word_1_303' title='bbox 937 3051 976 3102; x_wconf 90' lang='lat' dir='ltr'><strong>eis</strong></span> <span class='ocrx_word' id='word_1_304' title='bbox 994 3051 1101 3114; x_wconf 86' lang='lat' dir='ltr'><strong>inferre,</strong></span> <span class='ocrx_word' id='word_1_305' title='bbox 1128 3051 1177 3102; x_wconf 90' lang='lat' dir='ltr'><strong>sed</strong></span> <span class='ocrx_word' id='word_1_306' title='bbox 1194 3066 1258 3102; x_wconf 90' lang='lat' dir='ltr'><strong>con-</strong></span> 
     </span>
     <span class='ocr_line' id='line_1_33' title="bbox 138 3121 1257 3188; baseline 0.003 -16"><span class='ocrx_word' id='word_1_307' title='bbox 138 3123 234 3172; x_wconf 85' lang='lat' dir='ltr'><strong>cedere</strong></span> <span class='ocrx_word' id='word_1_308' title='bbox 255 3137 300 3172; x_wconf 86' lang='lat' dir='ltr'><strong>sos</strong></span> <span class='ocrx_word' id='word_1_309' title='bbox 320 3123 419 3173; x_wconf 89' lang='lat' dir='ltr'><strong>otiosos</strong></span> <span class='ocrx_word' id='word_1_310' title='bbox 445 3138 513 3173; x_wconf 87' lang='lat' dir='ltr'><strong>esse.</strong></span> <span class='ocrx_word' id='word_1_311' title='bbox 551 3121 597 3172; x_wconf 91' lang='lat' dir='ltr'><strong>Ita</strong></span> <span class='ocrx_word' id='word_1_312' title='bbox 611 3139 663 3186; x_wconf 91' lang='lat' dir='ltr'><strong>pro</strong></span> <span class='ocrx_word' id='word_1_313' title='bbox 690 3131 803 3187; x_wconf 87' lang='lat' dir='ltr'><strong>tempore</strong></span> <span class='ocrx_word' id='word_1_314' title='bbox 827 3141 870 3174; x_wconf 89' lang='lat' dir='ltr'><strong>res</strong></span> <span class='ocrx_word' id='word_1_315' title='bbox 889 3121 995 3188; x_wconf 85' lang='lat' dir='ltr'><strong>quievit.</strong></span> <span class='ocrx_word' id='word_1_316' title='bbox 1037 3123 1142 3174; x_wconf 87' lang='lat' dir='ltr'><strong>Paulus</strong></span> <span class='ocrx_word' id='word_1_317' title='bbox 1162 3133 1257 3187; x_wconf 87' lang='lat' dir='ltr'><strong>autem,</strong></span> 
     </span>
     <span class='ocr_line' id='line_1_34' title="bbox 138 3191 1258 3262; baseline 0.002 -16"><span class='ocrx_word' id='word_1_318' title='bbox 138 3191 261 3261; x_wconf 66' lang='lat' dir='ltr'><strong>Gregorii</strong></span> <span class='ocrx_word' id='word_1_319' title='bbox 280 3193 428 3246; x_wconf 85' lang='lat' dir='ltr'><strong>admirator</strong></span> <span class='ocrx_word' id='word_1_320' title='bbox 447 3203 471 3246; x_wconf 88' lang='lat' dir='ltr'><strong>et</strong></span> <span class='ocrx_word' id='word_1_321' title='bbox 489 3195 564 3262; x_wconf 85' lang='lat' dir='ltr'><strong>cujus</strong></span> <span class='ocrx_word' id='word_1_322' title='bbox 583 3195 616 3246; x_wconf 88' lang='lat' dir='ltr'><strong>de</strong></span> <span class='ocrx_word' id='word_1_323' title='bbox 627 3195 685 3260; x_wconf 85' lang='lat' dir='ltr'><strong>fide</strong></span> <span class='ocrx_word' id='word_1_324' title='bbox 710 3196 857 3247; x_wconf 82' lang='lat' dir='ltr'><strong>ortbodoaa</strong></span> <span class='ocrx_word' id='word_1_325' title='bbox 875 3204 986 3246; x_wconf 89' lang='lat' dir='ltr'><strong>nonest</strong></span> <span class='ocrx_word' id='word_1_326' title='bbox 1011 3196 1142 3259; x_wconf 82' lang='lat' dir='ltr'><strong>dubietas,</strong></span> <span class='ocrx_word' id='word_1_327' title='bbox 1168 3195 1198 3248; x_wconf 91' lang='lat' dir='ltr'><strong>in</strong></span> <span class='ocrx_word' id='word_1_328' title='bbox 1217 3198 1258 3248; x_wconf 88' lang='lat' dir='ltr'><strong>bis</strong></span> 
     </span>
     <span class='ocr_line' id='line_1_35' title="bbox 137 3264 1257 3336; baseline 0.002 -17"><span class='ocrx_word' id='word_1_329' title='bbox 137 3264 223 3320; x_wconf 80' lang='lat' dir='ltr'><strong>tamen</strong></span> <span class='ocrx_word' id='word_1_330' title='bbox 242 3276 332 3333; x_wconf 85' lang='lat' dir='ltr'><strong>aperte</strong></span> <span class='ocrx_word' id='word_1_331' title='bbox 351 3277 375 3319; x_wconf 88' lang='lat' dir='ltr'><strong>et</strong></span> <span class='ocrx_word' id='word_1_332' title='bbox 394 3267 507 3319; x_wconf 85' lang='lat' dir='ltr'><strong>candide</strong></span> <span class='ocrx_word' id='word_1_333' title='bbox 520 3285 538 3318; x_wconf 88' lang='lat' dir='ltr'><strong>a</strong></span> <span class='ocrx_word' id='word_1_334' title='bbox 554 3266 677 3333; x_wconf 86' lang='lat' dir='ltr'><strong>partibus</strong></span> <span class='ocrx_word' id='word_1_335' title='bbox 697 3277 749 3319; x_wconf 89' lang='lat' dir='ltr'><strong>stat</strong></span> <span class='ocrx_word' id='word_1_336' title='bbox 761 3267 994 3336; x_wconf 80' lang='lat' dir='ltr'><strong>Aquilepiensium,</strong></span> <span class='ocrx_word' id='word_1_337' title='bbox 1013 3267 1106 3320; x_wconf 81' lang='lat' dir='ltr'><strong>Severi</strong></span> <span class='ocrx_word' id='word_1_338' title='bbox 1124 3270 1257 3322; x_wconf 79' lang='lat' dir='ltr'><strong>decanea</strong></span> 
     </span>
     <span class='ocr_line' id='line_1_36' title="bbox 137 3339 1256 3408; baseline 0.002 -16"><span class='ocrx_word' id='word_1_339' title='bbox 137 3341 267 3393; x_wconf 88' lang='lat' dir='ltr'><strong>communi</strong></span> <span class='ocrx_word' id='word_1_340' title='bbox 284 3339 509 3408; x_wconf 78' lang='lat' dir='ltr'><strong>Aquiiepiensium</strong></span> <span class='ocrx_word' id='word_1_341' title='bbox 528 3341 698 3406; x_wconf 85' lang='lat' dir='ltr'><strong>defectionem</strong></span> <span class='ocrx_word' id='word_1_342' title='bbox 710 3344 809 3393; x_wconf 84' lang='lat' dir='ltr'><strong>scisma</strong></span> <span class='ocrx_word' id='word_1_343' title='bbox 822 3359 919 3393; x_wconf 86' lang='lat' dir='ltr'><strong>vocans</strong></span> <span class='ocrx_word' id='word_1_344' title='bbox 933 3351 1010 3407; x_wconf 81' lang='lat' dir='ltr'><strong>atque</strong></span> <span class='ocrx_word' id='word_1_345' title='bbox 1029 3357 1152 3394; x_wconf 85' lang='lat' dir='ltr'><strong>errorem.</strong></span> <span class='ocrx_word' id='word_1_346' title='bbox 1192 3342 1256 3394; x_wconf 72' lang='lat' dir='ltr'><strong>Gre-</strong></span> 
     </span>
     <span class='ocr_line' id='line_1_37' title="bbox 136 3412 1255 3482; baseline 0 -16"><span class='ocrx_word' id='word_1_347' title='bbox 136 3412 209 3482; x_wconf 81' lang='lat' dir='ltr'><strong>poric</strong></span> <span class='ocrx_word' id='word_1_348' title='bbox 229 3430 289 3465; x_wconf 86' lang='lat' dir='ltr'><strong>uero</strong></span> <span class='ocrx_word' id='word_1_349' title='bbox 309 3422 333 3465; x_wconf 86' lang='lat' dir='ltr'><strong>et</strong></span> <span class='ocrx_word' id='word_1_350' title='bbox 351 3414 481 3466; x_wconf 87' lang='lat' dir='ltr'><strong>Romanis</strong></span> <span class='ocrx_word' id='word_1_351' title='bbox 500 3415 642 3465; x_wconf 82' lang='lat' dir='ltr'><strong>scismatici</strong></span> <span class='ocrx_word' id='word_1_352' title='bbox 661 3422 724 3465; x_wconf 90' lang='lat' dir='ltr'><strong>sunt</strong></span> <span class='ocrx_word' id='word_1_353' title='bbox 741 3413 795 3480; x_wconf 86' lang='lat' dir='ltr'><strong>ipsi</strong></span> <span class='ocrx_word' id='word_1_354' title='bbox 813 3413 1019 3481; x_wconf 79' lang='lat' dir='ltr'><strong>Aquilepienses‚</strong></span> <span class='ocrx_word' id='word_1_355' title='bbox 1047 3432 1075 3466; x_wconf 88' lang='lat' dir='ltr'><strong>eo</strong></span> <span class='ocrx_word' id='word_1_356' title='bbox 1095 3416 1166 3480; x_wconf 84' lang='lat' dir='ltr'><strong>qaod</strong></span> <span class='ocrx_word' id='word_1_357' title='bbox 1184 3417 1255 3466; x_wconf 89' lang='lat' dir='ltr'><strong>nol-</strong></span> 
     </span>
     <span class='ocr_line' id='line_1_38' title="bbox 138 3486 1256 3554; baseline 0.002 -17"><span class='ocrx_word' id='word_1_358' title='bbox 138 3488 201 3538; x_wconf 89' lang='lat' dir='ltr'><strong>bant</strong></span> <span class='ocrx_word' id='word_1_359' title='bbox 219 3487 294 3552; x_wconf 82' lang='lat' dir='ltr'><strong>sequi</strong></span> <span class='ocrx_word' id='word_1_360' title='bbox 313 3487 496 3538; x_wconf 85' lang='lat' dir='ltr'><strong>auctoritatem</strong></span> <span class='ocrx_word' id='word_1_361' title='bbox 511 3493 534 3538; x_wconf 87' lang='lat' dir='ltr'><strong>et</strong></span> <span class='ocrx_word' id='word_1_362' title='bbox 560 3489 706 3552; x_wconf 76' lang='lat' dir='ltr'><strong>cuempiam</strong></span> <span class='ocrx_word' id='word_1_363' title='bbox 718 3486 874 3554; x_wconf 86' lang='lat' dir='ltr'><strong>pontificum</strong></span> <span class='ocrx_word' id='word_1_364' title='bbox 893 3487 1082 3550; x_wconf 83' lang='lat' dir='ltr'><strong>Romanorum,</strong></span> <span class='ocrx_word' id='word_1_365' title='bbox 1108 3489 1154 3552; x_wconf 80' lang='lat' dir='ltr'><strong>qui</strong></span> <span class='ocrx_word' id='word_1_366' title='bbox 1168 3486 1256 3554; x_wconf 91' lang='lat' dir='ltr'><strong>primo</strong></span> 
     </span>
     <span class='ocr_line' id='line_1_39' title="bbox 137 3557 1256 3628; baseline 0 -18"><span class='ocrx_word' id='word_1_367' title='bbox 137 3560 168 3610; x_wconf 88' lang='lat' dir='ltr'><strong>ab</strong></span> <span class='ocrx_word' id='word_1_368' title='bbox 187 3557 337 3610; x_wconf 86' lang='lat' dir='ltr'><strong>Justiniani</strong></span> <span class='ocrx_word' id='word_1_369' title='bbox 347 3559 493 3628; x_wconf 79' lang='lat' dir='ltr'><strong>jussionem</strong></span> <span class='ocrx_word' id='word_1_370' title='bbox 513 3565 537 3611; x_wconf 89' lang='lat' dir='ltr'><strong>et</strong></span> <span class='ocrx_word' id='word_1_371' title='bbox 551 3561 720 3625; x_wconf 88' lang='lat' dir='ltr'><strong>postmodam</strong></span> <span class='ocrx_word' id='word_1_372' title='bbox 738 3561 769 3612; x_wconf 91' lang='lat' dir='ltr'><strong>ob</strong></span> <span class='ocrx_word' id='word_1_373' title='bbox 790 3578 886 3626; x_wconf 87' lang='lat' dir='ltr'><strong>pacem</strong></span> <span class='ocrx_word' id='word_1_374' title='bbox 911 3561 1033 3612; x_wconf 61' lang='lat' dir='ltr'><strong>scandas</strong></span> <span class='ocrx_word' id='word_1_375' title='bbox 1059 3559 1112 3611; x_wconf 88' lang='lat' dir='ltr'><strong>tria</strong></span> <span class='ocrx_word' id='word_1_376' title='bbox 1137 3562 1256 3628; x_wconf 82' lang='lat' dir='ltr'><strong>capitata</strong></span> 
     </span>
     <span class='ocr_line' id='line_1_40' title="bbox 137 3631 1255 3696; baseline 0 -13"><span class='ocrx_word' id='word_1_377' title='bbox 137 3649 191 3683; x_wconf 90' lang='lat' dir='ltr'><strong>non</strong></span> <span class='ocrx_word' id='word_1_378' title='bbox 211 3631 317 3696; x_wconf 84' lang='lat' dir='ltr'><strong>quidem</strong></span> <span class='ocrx_word' id='word_1_379' title='bbox 335 3633 508 3696; x_wconf 87' lang='lat' dir='ltr'><strong>damnarunt,</strong></span> <span class='ocrx_word' id='word_1_380' title='bbox 527 3633 576 3684; x_wconf 87' lang='lat' dir='ltr'><strong>sed</strong></span> <span class='ocrx_word' id='word_1_381' title='bbox 592 3651 681 3686; x_wconf 84' lang='lat' dir='ltr'><strong>aarum</strong></span> <span class='ocrx_word' id='word_1_382' title='bbox 700 3632 902 3685; x_wconf 82' lang='lat' dir='ltr'><strong>damnatoribus</strong></span> <span class='ocrx_word' id='word_1_383' title='bbox 927 3633 1160 3685; x_wconf 85' lang='lat' dir='ltr'><strong>communicarunt.</strong></span> <span class='ocrx_word' id='word_1_384' title='bbox 1199 3636 1255 3684; x_wconf 87' lang='grc' dir='ltr'><strong>ΒΕ.</strong></span> 
     </span>
     <span class='ocr_line' id='line_1_41' title="bbox 139 3702 1258 3772; baseline 0.004 -18"><span class='ocrx_word' id='word_1_385' title='bbox 139 3702 167 3770; x_wconf 91' lang='grc'><strong>1)</strong></span> <span class='ocrx_word' id='word_1_386' title='bbox 187 3703 231 3754; x_wconf 89' lang='lat' dir='ltr'><strong>‘In</strong></span> <span class='ocrx_word' id='word_1_387' title='bbox 250 3721 310 3756; x_wconf 82' lang='lat' dir='ltr'><strong>noce</strong></span> <span class='ocrx_word' id='word_1_388' title='bbox 329 3723 427 3770; x_wconf 89' lang='lat' dir='ltr'><strong>sparsa</strong></span> <span class='ocrx_word' id='word_1_389' title='bbox 432 3707 485 3772; x_wconf 87' lang='lat' dir='ltr'><strong>fra</strong></span> <span class='ocrx_word' id='word_1_390' title='bbox 500 3708 527 3756; x_wconf 88' lang='lat' dir='ltr'><strong>la</strong></span> <span class='ocrx_word' id='word_1_391' title='bbox 540 3706 626 3771; x_wconf 81' lang='lat' dir='ltr'><strong>plebe,</strong></span> <span class='ocrx_word' id='word_1_392' title='bbox 647 3707 755 3758; x_wconf 85' lang='lat' dir='ltr'><strong>ePaolo</strong></span> <span class='ocrx_word' id='word_1_393' title='bbox 769 3724 849 3772; x_wconf 87' lang='lat' dir='ltr'><strong>prese</strong></span> <span class='ocrx_word' id='word_1_394' title='bbox 862 3724 919 3758; x_wconf 87' lang='lat' dir='ltr'><strong>una</strong></span> <span class='ocrx_word' id='word_1_395' title='bbox 932 3709 972 3758; x_wconf 85' lang='lat' dir='ltr'><strong>tab</strong></span> <span class='ocrx_word' id='word_1_396' title='bbox 989 3706 1092 3758; x_wconf 79' lang='lat' dir='ltr'><strong>diceria</strong></span> <span class='ocrx_word' id='word_1_397' title='bbox 1105 3723 1157 3772; x_wconf 90' lang='lat' dir='ltr'><strong>per</strong></span> <span class='ocrx_word' id='word_1_398' title='bbox 1177 3707 1258 3758; x_wconf 87' lang='lat' dir='ltr'><strong>buoni</strong></span> 
     </span>
     <span class='ocr_line' id='line_1_42' title="bbox 137 3776 1257 3842; baseline 0.002 -12"><span class='ocrx_word' id='word_1_399' title='bbox 137 3776 236 3830; x_wconf 86' lang='lat' dir='ltr'><strong>danari</strong></span> <span class='ocrx_word' id='word_1_400' title='bbox 254 3777 387 3830; x_wconf 78' lang='lat' dir='ltr'><strong>cantanti.</strong></span> <span class='ocrx_word' id='word_1_401' title='bbox 401 3780 487 3831; x_wconf 88' lang='lat' dir='ltr'>MUR.</span> <span class='ocrx_word' id='word_1_402' title='bbox 526 3779 674 3831; x_wconf 84' lang='lat' dir='ltr'><strong>Revocatus</strong></span> <span class='ocrx_word' id='word_1_403' title='bbox 685 3778 746 3842; x_wconf 86' lang='lat' dir='ltr'><strong>fuit</strong></span> <span class='ocrx_word' id='word_1_404' title='bbox 765 3789 825 3831; x_wconf 87' lang='lat' dir='ltr'><strong>ante</strong></span> <span class='ocrx_word' id='word_1_405' title='bbox 843 3781 959 3832; x_wconf 87' lang='lat' dir='ltr'><strong>medium</strong></span> <span class='ocrx_word' id='word_1_406' title='bbox 973 3798 996 3831; x_wconf 89' lang='lat' dir='ltr'><strong>a.</strong></span> <span class='ocrx_word' id='word_1_407' title='bbox 1017 3781 1087 3840; x_wconf 81' lang='lat'><strong>590,·</strong></span> <span class='ocrx_word' id='word_1_408' title='bbox 1107 3789 1169 3832; x_wconf 86' lang='lat' dir='ltr'><strong>tunc</strong></span> <span class='ocrx_word' id='word_1_409' title='bbox 1188 3781 1257 3832; x_wconf 90' lang='lat' dir='ltr'><strong>enim</strong></span> 
     </span>
     <span class='ocr_line' id='line_1_43' title="bbox 137 3851 1256 3920; baseline 0.002 -18"><span class='ocrx_word' id='word_1_410' title='bbox 137 3852 275 3917; x_wconf 85' lang='lat' dir='ltr'><strong>Romanus</strong></span> <span class='ocrx_word' id='word_1_411' title='bbox 294 3853 348 3920; x_wconf 75' lang='lat' dir='ltr'><strong>ep&#39;sss</strong></span> <span class='ocrx_word' id='word_1_412' title='bbox 367 3869 500 3903; x_wconf 87' lang='lat' dir='ltr'><strong>successor</strong></span> <span class='ocrx_word' id='word_1_413' title='bbox 512 3852 571 3918; x_wconf 88' lang='lat' dir='ltr'><strong>jam</strong></span> <span class='ocrx_word' id='word_1_414' title='bbox 597 3853 733 3918; x_wconf 89' lang='lat' dir='ltr'><strong>epistolam</strong></span> <span class='ocrx_word' id='word_1_415' title='bbox 760 3851 864 3920; x_wconf 84' lang='lat' dir='ltr'><strong>scripsit</strong></span> <span class='ocrx_word' id='word_1_416' title='bbox 888 3855 926 3905; x_wconf 87' lang='lat' dir='ltr'><strong>ad</strong></span> <span class='ocrx_word' id='word_1_417' title='bbox 952 3851 1153 3918; x_wconf 80' lang='lat' dir='ltr'><strong>Obiidebertum,</strong></span> <span class='ocrx_word' id='word_1_418' title='bbox 1182 3855 1256 3920; x_wconf 89' lang='lat' dir='ltr'><strong>apud</strong></span> 
     </span>
     <span class='ocr_line' id='line_1_44' title="bbox 137 3923 1255 3993; baseline 0.004 -18"><span class='ocrx_word' id='word_1_419' title='bbox 137 3923 320 3977; x_wconf 76' lang='lat' dir='ltr'><strong>Dardaniam</strong></span> <span class='ocrx_word' id='word_1_420' title='bbox 339 3924 362 3988; x_wconf 90' lang='lat' dir='ltr'><strong>I,</strong></span> <span class='ocrx_word' id='word_1_421' title='bbox 383 3925 452 3985; x_wconf 75' lang='lat'><strong>871,·</strong></span> <span class='ocrx_word' id='word_1_422' title='bbox 478 3925 564 3991; x_wconf 80' lang='lat' dir='ltr'><strong>Bouq.</strong></span> <span class='ocrx_word' id='word_1_423' title='bbox 584 3925 636 3989; x_wconf 88' lang='lat' dir='ltr'><strong>IV,</strong></span> <span class='ocrx_word' id='word_1_424' title='bbox 655 3925 690 3976; x_wconf 88' lang='grc'><strong>86</strong></span> <span class='ocrx_word' id='word_1_425' title='bbox 698 3944 707 3987; x_wconf 88' lang='lat'><strong>,·</strong></span> <span class='ocrx_word' id='word_1_426' title='bbox 736 3925 867 3993; x_wconf 78' lang='lat' dir='ltr'><strong>TropaI,</strong></span> <span class='ocrx_word' id='word_1_427' title='bbox 894 3928 937 3978; x_wconf 81' lang='lat'><strong>64.</strong></span> <span class='ocrx_word' id='word_1_428' title='bbox 956 3927 1014 3978; x_wconf 83' lang='lat' dir='ltr'><strong>BE.</strong></span> <span class='ocrx_word' id='word_1_429' title='bbox 1089 3924 1118 3993; x_wconf 78' lang='lat'><strong>2)</strong></span> <span class='ocrx_word' id='word_1_430' title='bbox 1138 3927 1255 3979; x_wconf 86' lang='lat' dir='ltr'><strong>Murano</strong></span> 
     </span>
     <span class='ocr_line' id='line_1_45' title="bbox 132 3997 1255 4066; baseline 0.002 -18"><span class='ocrx_word' id='word_1_431' title='bbox 132 4015 218 4066; x_wconf 90' lang='lat' dir='ltr'><strong>prope</strong></span> <span class='ocrx_word' id='word_1_432' title='bbox 243 3997 373 4063; x_wconf 86' lang='lat' dir='ltr'><strong>Venetias,</strong></span> <span class='ocrx_word' id='word_1_433' title='bbox 392 3999 421 4049; x_wconf 88' lang='lat' dir='ltr'><strong>in</strong></span> <span class='ocrx_word' id='word_1_434' title='bbox 440 3997 557 4066; x_wconf 78' lang='lat' dir='ltr'><strong>Lapuna</strong></span> <span class='ocrx_word' id='word_1_435' title='bbox 585 3999 629 4050; x_wconf 83' lang='lat' dir='ltr'><strong>dei</strong></span> <span class='ocrx_word' id='word_1_436' title='bbox 647 3998 744 4050; x_wconf 78' lang='lat' dir='ltr'><strong>Friuii.</strong></span> <span class='ocrx_word' id='word_1_437' title='bbox 790 3999 859 4050; x_wconf 85' lang='lat' dir='ltr'><strong>Acta</strong></span> <span class='ocrx_word' id='word_1_438' title='bbox 887 4000 966 4066; x_wconf 85' lang='lat' dir='ltr'><strong>bajus</strong></span> <span class='ocrx_word' id='word_1_439' title='bbox 995 3999 1090 4066; x_wconf 74' lang='lat' dir='ltr'><strong>synodi</strong></span> <span class='ocrx_word' id='word_1_440' title='bbox 1116 4000 1255 4066; x_wconf 85' lang='lat' dir='ltr'><strong>deperdita</strong></span> 
     </span>
     <span class='ocr_line' id='line_1_46' title="bbox 137 4071 1254 4140; baseline 0.003 -18"><span class='ocrx_word' id='word_1_441' title='bbox 137 4077 212 4132; x_wconf 88' lang='lat' dir='ltr'><strong>sunt,·</strong></span> <span class='ocrx_word' id='word_1_442' title='bbox 231 4071 264 4122; x_wconf 88' lang='lat' dir='ltr'><strong>de</strong></span> <span class='ocrx_word' id='word_1_443' title='bbox 284 4089 316 4123; x_wconf 86' lang='lat' dir='ltr'><strong>ea</strong></span> <span class='ocrx_word' id='word_1_444' title='bbox 334 4081 442 4140; x_wconf 80' lang='lat' dir='ltr'><strong>epemmt</strong></span> <span class='ocrx_word' id='word_1_445' title='bbox 462 4071 586 4124; x_wconf 83' lang='lat' dir='ltr'><strong>Norisius</strong></span> <span class='ocrx_word' id='word_1_446' title='bbox 606 4072 639 4124; x_wconf 84' lang='lat' dir='ltr'><strong>de</strong></span> <span class='ocrx_word' id='word_1_447' title='bbox 658 4073 752 4138; x_wconf 81' lang='lat' dir='ltr'><strong>quinta</strong></span> <span class='ocrx_word' id='word_1_448' title='bbox 769 4072 870 4139; x_wconf 82' lang='lat' dir='ltr'><strong>spnodo</strong></span> <span class='ocrx_word' id='word_1_449' title='bbox 889 4071 939 4136; x_wconf 88' lang='lat' dir='ltr'><strong>IX,</strong></span> <span class='ocrx_word' id='word_1_450' title='bbox 962 4073 991 4132; x_wconf 89' lang='lat'><strong>1,·</strong></span> <span class='ocrx_word' id='word_1_451' title='bbox 1010 4072 1112 4140; x_wconf 81' lang='lat' dir='ltr'><strong>Papius</strong></span> <span class='ocrx_word' id='word_1_452' title='bbox 1132 4080 1157 4125; x_wconf 86' lang='lat' dir='ltr'><strong>et</strong></span> <span class='ocrx_word' id='word_1_453' title='bbox 1175 4074 1254 4124; x_wconf 88' lang='lat' dir='ltr'><strong>Man-</strong></span> 
     </span>
     <span class='ocr_line' id='line_1_47' title="bbox 135 4143 1254 4214; baseline 0.001 -18"><span class='ocrx_word' id='word_1_454' title='bbox 135 4145 189 4196; x_wconf 89' lang='lat' dir='ltr'><strong>sius</strong></span> <span class='ocrx_word' id='word_1_455' title='bbox 210 4145 360 4197; x_wconf 83' lang='lat' dir='ltr'><strong>odBaron.</strong></span> <span class='ocrx_word' id='word_1_456' title='bbox 381 4143 771 4208; x_wconf 55' lang='lat' dir='ltr'><strong>accommodabilem</strong></span> <span class='ocrx_word' id='word_1_457' title='bbox 791 4143 881 4211; x_wconf 73' lang='lat' dir='ltr'><strong>Aquis.</strong></span> <span class='ocrx_word' id='word_1_458' title='bbox 902 4164 923 4196; x_wconf 89' lang='lat' dir='ltr'><strong>c.</strong></span> <span class='ocrx_word' id='word_1_459' title='bbox 945 4146 989 4196; x_wconf 80' lang='lat'><strong>29.</strong></span> <span class='ocrx_word' id='word_1_460' title='bbox 1018 4147 1075 4196; x_wconf 88' lang='grc' dir='ltr'><strong>ΒΕ.</strong></span> <span class='ocrx_word' id='word_1_461' title='bbox 1150 4145 1181 4214; x_wconf 86' lang='grc'><strong>3)</strong></span> <span class='ocrx_word' id='word_1_462' title='bbox 1199 4149 1217 4198; x_wconf 86' lang='lat' dir='ltr'><strong>i.</strong></span> <span class='ocrx_word' id='word_1_463' title='bbox 1232 4164 1254 4198; x_wconf 88' lang='lat' dir='ltr'><strong>e.</strong></span> 
     </span>
    </p>

    <p class='ocr_par' dir='ltr' id='par_1_6' title="bbox 104 4216 1254 4431">
     <span class='ocr_line' id='line_1_48' title="bbox 104 4216 1254 4286; baseline 0 -17"><span class='ocrx_word' id='word_1_464' title='bbox 104 4276 107 4282; x_wconf 31' lang='lat'><strong><em>¹</em></strong></span> <span class='ocrx_word' id='word_1_465' title='bbox 137 4216 261 4270; x_wconf 86' lang='lat' dir='ltr'><strong>scissione</strong></span> <span class='ocrx_word' id='word_1_466' title='bbox 288 4218 358 4270; x_wconf 84' lang='lat' dir='ltr'><strong>inter·</strong></span> <span class='ocrx_word' id='word_1_467' title='bbox 383 4218 516 4285; x_wconf 86' lang='lat' dir='ltr'><strong>episcopos</strong></span> <span class='ocrx_word' id='word_1_468' title='bbox 548 4216 712 4286; x_wconf 79' lang='lat' dir='ltr'><strong>Aquilepiae,</strong></span> <span class='ocrx_word' id='word_1_469' title='bbox 748 4235 861 4286; x_wconf 81' lang='lat' dir='ltr'><strong>eousque</strong></span> <span class='ocrx_word' id='word_1_470' title='bbox 889 4219 919 4270; x_wconf 88' lang='lat' dir='ltr'><strong>in</strong></span> <span class='ocrx_word' id='word_1_471' title='bbox 943 4219 1061 4270; x_wconf 80' lang='lat' dir='ltr'><strong>citandis</strong></span> <span class='ocrx_word' id='word_1_472' title='bbox 1081 4221 1161 4271; x_wconf 87' lang='lat' dir='ltr'><strong>trium</strong></span> <span class='ocrx_word' id='word_1_473' title='bbox 1179 4221 1254 4286; x_wconf 82' lang='lat' dir='ltr'><strong>crpi-</strong></span> 
     </span>
     <span class='ocr_line' id='line_1_49' title="bbox 137 4291 1253 4359; baseline 0.004 -18"><span class='ocrx_word' id='word_1_474' title='bbox 137 4291 251 4342; x_wconf 85' lang='lat' dir='ltr'><strong>tulorum</strong></span> <span class='ocrx_word' id='word_1_475' title='bbox 279 4293 479 4344; x_wconf 84' lang='lat' dir='ltr'><strong>damnatoribus</strong></span> <span class='ocrx_word' id='word_1_476' title='bbox 508 4293 656 4357; x_wconf 86' lang='lat' dir='ltr'><strong>concordes,</strong></span> <span class='ocrx_word' id='word_1_477' title='bbox 685 4301 716 4344; x_wconf 86' lang='lat' dir='ltr'><strong>ut</strong></span> <span class='ocrx_word' id='word_1_478' title='bbox 742 4299 810 4345; x_wconf 85' lang='lat' dir='ltr'><strong>reate</strong></span> <span class='ocrx_word' id='word_1_479' title='bbox 838 4293 952 4359; x_wconf 69' lang='lat' dir='ltr'><strong>explicat</strong></span> <span class='ocrx_word' id='word_1_480' title='bbox 979 4291 1022 4346; x_wconf 84' lang='lat' dir='ltr'><strong>De</strong></span> <span class='ocrx_word' id='word_1_481' title='bbox 1049 4292 1158 4345; x_wconf 83' lang='lat' dir='ltr'><strong>Rubeis.</strong></span> <span class='ocrx_word' id='word_1_482' title='bbox 1195 4293 1253 4346; x_wconf 77' lang='lat' dir='ltr'><strong>Ba.</strong></span> 
     </span>
     <span class='ocr_line' id='line_1_50' title="bbox 136 4361 515 4431; baseline 0.011 -19"><span class='ocrx_word' id='word_1_483' title='bbox 136 4365 163 4430; x_wconf 82' lang='lat'><strong>4)</strong></span> <span class='ocrx_word' id='word_1_484' title='bbox 183 4361 273 4415; x_wconf 83' lang='lat' dir='ltr'><strong>Altino</strong></span> <span class='ocrx_word' id='word_1_485' title='bbox 287 4382 372 4431; x_wconf 89' lang='lat' dir='ltr'><strong>prope</strong></span> <span class='ocrx_word' id='word_1_486' title='bbox 395 4365 515 4418; x_wconf 82' lang='lat' dir='ltr'><strong>Tcrceili.</strong></span> 
     </span>
    </p>
   </div>
   <div class='ocr_carea' id='block_1_5' title="bbox 989 4467 1024 4517">
    <p class='ocr_par' dir='ltr' id='par_1_7' title="bbox 989 4467 1024 4517">
     <span class='ocr_line' id='line_1_51' title="bbox 989 4467 1024 4517; baseline 0 -25"><span class='ocrx_word' id='word_1_487' title='bbox 989 4467 1024 4517; x_wconf 68' lang='grc'><strong>9.</strong></span> 
     </span>
    </p>
   </div>
   <div class='ocr_carea' id='block_1_6' title="bbox 0 0 1542 5004">
    <p class='ocr_par' dir='ltr' id='par_1_8' title="bbox 0 0 1542 5004">
     <span class='ocr_line' id='line_1_52' title="bbox 0 0 1542 5004; baseline 0 2"><span class='ocrx_word' id='word_1_488' title='bbox 0 0 1542 5004; x_wconf 95' lang='lat' dir='ltr'><strong> </strong></span> 
     </span>
    </p>
   </div>
  </div>
 </body>
</html>
