2994 4998
256 425 258 428 -
306 393 359 442 212
458 392 568 443 PAULI
587 391 760 443 HISTORIA
778 390 1112 448 LANGOBARDORUM.
1150 391 1222 442 LIB.
1242 390 1293 442 VI.

305 560 467 624 venientes
490 558 529 623 de
551 557 853 623 Oclmanicorum³·¹
881 557 932 622 vel
952 557 1251 623 Aurelianensiumb
1272 557 1442 642 regionec

305 645 431 725 Franci,
454 643 530 706 dum
551 652 631 728 aput
651 641 832 706 venerabile
854 663 969 728 corpus
990 665 1024 740 se
1045 652 1255 728 pernoctare²
1278 640 1438 704 simulas-

307 736 391 809 sent,
421 725 564 791 eiusdem
597 724 787 791 venerabilis
814 727 914 812 patris
945 737 1126 812 panterque
1155 727 1223 790 eius
1251 747 1439 810 germanae

306 811 525 876 venerandaetl
548 809 741 875 scolasticae
767 830 839 873 ossa
863 810 1050 891 auferentes,
1083 811 1136 872 ine
1165 831 1258 872 suam
1285 810 1438 894 patriam

305 895 549 982 adportarunt³;
574 895 631 959 ubi
656 892 858 978 singillatimf
887 892 950 956 duo
972 895 1163 958 monasteria
1190 895 1244 955 ins
1270 901 1439 956 utrorum-

306 980 386 1065 queh
401 978 575 1059 honorem),
596 977 656 1040 hoc
676 986 724 1041 est
737 976 823 1041 beati
836 977 1003 1042 Benedicti
1022 987 1053 1042 et
1073 987 1202 1041 sanctae
1218 975 1437 1058 Scolasticae,

307 1073 487 1128 constructa
509 1071 591 1125 sunt.
636 1060 701 1124 Sed
723 1069 845 1124 certum
868 1070 924 1140 est,
946 1061 1062 1126 nobisl
1086 1083 1120 1125 os
1141 1059 1221 1124 illud
1241 1060 1437 1125 venerabile
1488 1099 1489 1102 =

306 1157 337 1212 et
366 1149 452 1211 omni
480 1156 606 1210 nectare
636 1145 763 1207 suavius
790 1155 822 1208 et
850 1144 958 1209 oculos
988 1168 1054 1210 sem
1079 1168 1114 1209 er
1142 1143 1292 1208 caelestia
1318 1154 1437 1208 contu-

305 1240 403 1313 entes,
426 1240 532 1294 cetera
557 1250 684 1314 quoque
709 1227 852 1292 membra
882 1230 1028 1314 quamvis
1051 1169 1197 1293 lefluxat
1222 1231 1437 1293 remansisse.

306 1313 417 1380 Solum
439 1313 556 1378 etenim
578 1310 779 1397 singulariter
800 1313 996 1376 dominicum
1018 1335 1133 1397 corpus
1160 1335 1224 1376 non
1244 1312 1333 1377 vidit
1365 1335 1437 1376 eor-

305 1401 501 1485 ruptionem3
525 1407 665 1460 ceterum
686 1397 828 1459 omnium
850 1405 1029 1460 sauctorum
1052 1419 1187 1483 corpora
1209 1397 1242 1459 iu
1260 1405 1437 1462 aeternam

305 1494 417 1571 postea
437 1480 595 1565 gloriamm
616 1480 795 1565 reparanda
817 1483 1009 1565 corruptioni
1031 1481 1174 1546 subiecta
1195 1491 1277 1562 sunt,
1301 1480 1358 1545 his
1385 1505 1439 1545 ex-

307 1568 416 1653 ceptis,
440 1587 521 1650 quae
543 1563 583 1628 ob
607 1563 715 1627 divina
736 1563 888 1628 miracula
910 1567 977 1628 siue
998 1563 1070 1630 labe
1092 1575 1267 1629 servantur.

389 1651 439 1714 3.ss
483 1648 527 1712 At
558 1669 634 1712 vero
665 1647 811 1711 Rodoald
820 1659 842 1730 ⁰,
879 1671 975 1733 quem
1010 1659 1088 1734 aput
1117 1648 1257 1712 Foroiuli
1287 1652 1435 1733 praemi-

307 1735 428 1798 simus⁴
457 1732 629 1796 dueatumr
651 1733 821 1813 tenuisset,
846 1754 919 1794 cum
940 1733 981 1796 ab
1004 1732 1116 1796 eadem
1139 1735 1265 1796 civitate
1288 1735 1434 1812 abesset,

305 1817 447 1881 Ansfritr
463 1817 502 1879 de
518 1825 619 1900 castro
635 1816 807 1878 Reunia⁸·⁵
831 1815 981 1880 ducatum
1005 1817 1071 1880 eius
1094 1817 1214 1902 absque
1235 1817 1323 1900 regis
1349 1827 1434 1881 nutu

330 1901 454 1965 ervasit.
506 1899 578 1978 Quo
606 1903 793 1985 comperto),
824 1898 969 1962 Rodoald
997 1901 1038 1962 in
1058 1900 1214 1963 Histriam
1243 1900 1368 1984 fugiit¹1
1393 1923 1433 1964 ac

306 1925 423 2050 isinde
454 1985 582 2069 navigio
615 2006 673 2068 per
703 1983 891 2046 Ravennam
917 1983 1065 2047 Ticinum
1097 1983 1138 2046 ad
1172 1983 1433 2068 (lunincpertum

306 2091 416 2154 regem
427 2069 581 2154 pervenit.
614 2067 738 2130 Ansfrit
751 2089 902 2130 veronen
922 2077 1086 2131 contentus
1106 2067 1280 2131 ducatumv
1294 2069 1434 2133 Foroiu-

306 2151 484 2218 lanensium
504 2157 653 2236 regeret,
682 2152 754 2214 insu
778 2173 812 2214 er
833 2161 941 2214 contra
964 2151 1235 2236 Ouuincpertum¹
1256 2151 1432 2234 rebellans,

307 2259 441 2322 regnum
463 2237 529 2300 eius
550 2235 701 2298 invadere
721 2173 855 2298 viluitt.
899 2235 965 2298 Sed
987 2235 1222 2321 conprehensus
1236 2237 1270 2298 in
1285 2237 1432 2318 Verona,

307 2321 349 2385 ad
370 2343 478 2406 regem
500 2319 683 2398 deductust,
705 2317 821 2382 evulsis
844 2317 958 2401 oculis,
988 2320 1022 2382 in
1049 2317 1181 2383 exilium
1210 2329 1342 2383 trususa
1372 2332 1432 2386 est.

307 2403 520 2470 Foroiulanoh
542 2411 649 2466 autem
671 2401 798 2464 ducatui
819 2402 992 2487 posthaec
1013 2402 1095 2484 Ado,
1118 2404 1233 2466 frater⁰
1254 2403 1432 2486 Rodoaldi,

306 2487 541 2554 lociservatoris
552 2486 693 2550 nomined
701 2507 759 2569 per
771 2497 902 2549 annume
913 2495 943 2549 et
954 2509 1077 2551 menses
1090 2496 1213 2574 septem
1224 2487 1432 2572 gubernavit.

306 2615 329 2668 a)
347 2615 546 2658 Gelemanicorum
561 2612 582 2651 A
597 2612 623 2660 43
641 2611 760 2651 Oelmauia
775 2611 793 2650 L
812 2617 836 2662 ις
861 2612 1085 2653 cenomannicorum
1101 2615 1121 2652 D
1140 2616 1150 2652 1
1168 2625 1178 2652 e
1193 2625 1259 2665 corr,
1275 2619 1294 2653 et
1310 2616 1344 2654 ita
1361 2618 1431 2655 ceteri

306 2677 328 2716 D
352 2675 471 2733 (Gemaun.
487 2671 539 2721 '3a5
563 2673 764 2712 cenomannorum
781 2668 811 2721 3).
894 2670 917 2722 b)
934 2671 1114 2713 Aurianensium
1137 2673 1156 2712 F
1172 2675 1197 2722 13
1221 2672 1337 2716 Aurilian.
1364 2675 1386 2714 G
1405 2677 1431 2724 15

305 2734 478 2774 Aureliensium
494 2730 514 2771 G
532 2732 554 2779 23
571 2730 751 2769 Aureniensium
768 2729 1034 2778 G3a;Au1u'nieusium
1051 2731 1071 2772 G
1086 2733 1108 2771 4.
1184 2731 1204 2783 c)
1220 2733 1342 2781 regionem
1359 2734 1377 2774 G
1397 2731 1430 2775 ‘1.

308 2792 330 2845 A)
347 2795 402 2832 deest
418 2793 435 2832 G
452 2789 482 2830 ⁸1.
501 2791 525 2838 13
548 2800 600 2830 ven.
624 2787 685 2828 scol.
704 2809 727 2818 —
753 2789 774 2828 b.
791 2789 878 2828 Bened.
901 2789 943 2828 des.
968 2789 1021 2830 05.
1045 2791 1066 2829 D
1084 2793 1118 2830 la.
1137 2791 1158 2831 2.
1175 2787 1220 2842 ⁸8a,
1244 2792 1350 2841 equibus
1375 2795 1430 2833 ΒΞ

305 2853 375 2892 locum
397 2852 429 2890 itu
451 2849 561 2888 restituere
584 2853 674 2886 conatus
697 2853 740 2886 est:
765 2848 815 2887 eius
838 2857 962 2896 germanae
985 2855 1079 2890 sauctae
1099 2849 1135 2890 Se.
1160 2860 1258 2899 corpore
1281 2851 1429 2893 detulerunt.

306 2909 329 2962 e)
345 2912 370 2949 in
386 2921 403 2948 s.
419 2921 441 2958 p.
465 2906 622 2955 mamurtina
637 2907 705 2944 erosis
727 2907 745 2944 B
763 2908 782 2946 1.
808 2927 834 2937 -
850 2910 1026 2956 asportaverunt
1049 2907 1104 2948 01.
1120 2909 1132 2947 I
1149 2910 1176 2958 1;
1192 2913 1347 2958 apportarunt
1364 2911 1386 2950 G
1405 2913 1430 2961 23

307 2971 394 3017 deport.
412 2967 431 3006 A
449 2967 468 3005 3.
536 2963 703 3016 1⁴)singulatim
719 2965 737 3003 F
754 2967 773 3004 1.
844 2963 867 3015 g)
884 2966 939 3004 deest
961 2967 982 3005 A
999 2968 1019 3006 1.
1089 2965 1388 3017 h)utroqueG⁸1.3.D
1408 2974 1428 3012 1.

305 3029 324 3068 F
342 3029 361 3068 l.
378 3025 398 3065 G
415 3025 483 3078 1,-u;
506 3024 624 3072 utriusque
640 3023 657 3064 O
673 3024 694 3063 4.
711 3025 732 3062 D
750 3024 770 3066 8.
786 3025 806 3064 9.
823 3025 841 3062 F
857 3021 888 3065 ’2.
905 3025 926 3065 5.
944 3023 964 3064 G
980 3026 1016 3068 3s.
1032 3025 1058 3074 53
1082 3027 1137 3064 deest
1153 3027 1170 3067 G
1188 3027 1208 3067 l.
1224 3027 1236 3066 I
1253 3029 1273 3068 1.
1351 3027 1370 3080 i)
1387 3029 1429 3068 ho-

306 3096 364 3126 nore
388 3083 408 3123 A
423 3080 454 3124 ’8.
480 3081 505 3123 0.
530 3083 558 3133 D,
582 3083 633 3131 atti3
656 3083 678 3123 h.
696 3093 716 3122 e.
732 3083 776 3123 des.
794 3082 811 3122 G
827 3085 850 3122 4.
867 3082 888 3122 5.
904 3084 937 3132 Ds
961 3083 983 3123 h.
1001 3088 1077 3124 est-
1102 3083 1243 3125 Scelesticae
1259 3087 1301 3125 des.
1318 3087 1341 3125 D
1360 3088 1381 3128 9.
1399 3109 1427 3117 -

306 3144 343 3185 se.
361 3153 412 3182 ossa
429 3145 559 3181 constructe
573 3145 626 3180 sunt
641 3141 660 3180 A
677 3142 697 3183 2.
755 3139 779 3193 k)
797 3142 850 3180 deest
865 3140 886 3180 A
902 3139 932 3182 *a
992 3141 1009 3194 l)
1025 3144 1049 3182 iu
1066 3145 1167 3185 cinerem
1183 3145 1205 3186 d.
1222 3144 1268 3184 04.
1284 3145 1314 3195 ⁵5
1330 3147 1428 3187 illibata

306 3203 352 3244 eod.
368 3202 432 3240 Linut.
450 3201 496 3239 Ort.
571 3200 602 3252 m)
617 3201 692 3248 glorie
707 3201 726 3239 F
743 3201 763 3242 1.
781 3199 801 3240 G
817 3201 836 3242 1.
854 3201 878 3250 23
903 3203 982 3241 eterna
997 3213 1020 3252 p.
1037 3203 1111 3250 glorta
1133 3204 1162 3242 D.
1185 3204 1204 3242 F
1219 3205 1241 3243 4.
1258 3203 1278 3244 5.
1304 3203 1324 3244 G
1342 3205 1379 3245 5a.
1399 3229 1426 3236 -

306 3261 459 3311 reparandam
476 3259 492 3300 G
510 3260 528 3299 1.
546 3259 564 3297 F
581 3260 601 3300 l.
661 3256 685 3308 ιι)
701 3260 740 3298 tec
754 3271 802 3308 sap.
818 3271 858 3300 om.
874 3257 895 3298 A
912 3258 941 3300 ¹4.
1012 3259 1034 3312 o)
1050 3261 1163 3302 Romoald
1178 3261 1199 3300 A
1216 3265 1236 3313 1,
1252 3267 1271 3300 et
1286 3263 1318 3302 itu
1331 3269 1426 3314 postea3

306 3320 413 3360 Romoalt
428 3319 499 3358 eudem
513 3329 580 3356 manu
594 3329 651 3357 corr.
667 3318 765 3359 Rodoalt
780 3317 801 3356 A
818 3319 840 3368 23
856 3317 884 3368 ef.
898 3329 923 3368 p.
942 3319 983 3358 rot
999 3331 1021 3360 n.
1040 3332 1068 3362 vv.
1113 3319 1137 3372 p)
1154 3321 1238 3360 ducatu
1253 3321 1301 3362 Fl.
1349 3321 1373 3373 q)
1391 3325 1426 3362 luto

307 3379 383 3419 deerit
399 3379 419 3418 D
438 3382 465 3418 la
479 3378 503 3416 tu
518 3377 587 3416 media
599 3377 690 3426 perine.
766 3375 786 3428 r)
802 3376 880 3416 Aufrit
902 3379 921 3418 A
937 3374 968 3418 ’3.
1044 3377 1064 3430 s)
1080 3379 1153 3420 Reme
1173 3391 1230 3420 corr.
1247 3381 1338 3420 Reunia
1361 3383 1380 3420 F
1398 3385 1426 3431 15

306 3440 395 3479 Reuma
411 3437 431 3478 G
447 3439 467 3477 1.
485 3437 508 3486 23
524 3436 600 3476 Ruuia
615 3436 632 3474 F
650 3437 684 3475 la.
702 3435 723 3476 G
737 3437 762 3486 43
778 3437 882 3476 Reumad
899 3436 920 3476 G
935 3437 970 3478 5c.
1030 3435 1048 3488 t)
1066 3443 1182 3488 rumperto
1198 3439 1218 3478 A
1235 3441 1255 3482 1.
1272 3439 1291 3479 G
1308 3441 1331 3488 13
1355 3441 1426 3488 Quod

308 3501 449 3547 compertum
465 3496 482 3536 G
498 3494 529 3535 ¹1.
547 3497 567 3536 1.
643 3493 667 3546 u)
683 3495 714 3534 itu
729 3495 749 3534 A
766 3497 785 3536 1.
804 3497 824 3534 2.
841 3497 861 3536 4.
878 3496 897 3536 B
915 3497 934 3537 2.
951 3496 970 3534 F
986 3497 1006 3536 1.
1024 3495 1045 3538 G
1060 3498 1095 3538 ta.
1112 3499 1134 3538 4.
1150 3499 1173 3538 H
1190 3501 1208 3539 1.
1284 3495 1308 3549 v)
1325 3499 1424 3539 ducatus

307 3558 324 3598 G
343 3559 362 3608 1,
378 3556 415 3595 uti
431 3565 511 3603 regere
527 3555 589 3595 deest.
658 3551 688 3604 w)
704 3555 759 3594 deest
776 3555 793 3596 0
810 3551 842 3597 ¹1.
858 3555 878 3596 1.
939 3553 963 3606 x)
980 3565 1059 3604 regem
1074 3557 1133 3596 Guu.
1150 3557 1176 3597 O.
1192 3558 1222 3598 D.
1239 3557 1250 3596 I
1267 3559 1287 3596 1.
1348 3556 1373 3608 y)
1387 3559 1423 3598 de-

306 3617 359 3656 sinit
375 3614 395 3655 G
411 3611 442 3655 ·5.
517 3611 538 3664 z)
554 3613 634 3652 ductus
658 3612 683 3653 G.
700 3614 729 3652 D.
744 3615 757 3654 I
774 3616 793 3656 l.
853 3611 876 3664 a)
893 3617 995 3653 retrusus
1019 3614 1042 3654 G.
1061 3617 1088 3654 D.
1105 3615 1116 3654 1
1133 3617 1152 3654 1.
1228 3613 1252 3666 b)
1268 3617 1328 3655 Foro
1345 3620 1425 3658 autem
1488 3619 1489 3640 ³

307 3676 386 3714 lulsno
403 3673 424 3714 G
441 3674 463 3722 25
479 3672 614 3710 Foroiuleui
630 3672 648 3710 F
665 3673 691 3722 13
707 3673 901 3713 Foroiulanorum
916 3674 935 3712 B
954 3675 989 3714 la.
1005 3673 1029 3714 0.
1046 3675 1080 3723 D;
1096 3675 1261 3714 Foroiulanum
1277 3675 1328 3716 F4.
1347 3674 1368 3715 G
1383 3676 1422 3716 ba.

308 3735 458 3772 -ducatum
473 3732 492 3770 Β
509 3733 542 3770 la.
560 3730 584 3770 G.
599 3731 628 3770 D.
646 3729 667 3770 G
682 3731 717 3775 ba.
778 3729 800 3783 c)
816 3732 909 3771 fiunem
923 3733 943 3772 B
961 3734 980 3774 1.
998 3731 1019 3772 G
1036 3734 1055 3772 1.
1073 3734 1096 3776 2.
1153 3731 1176 3784 d)
1190 3734 1340 3774 lociservutor
1356 3735 1424 3776 effec-

306 3796 343 3832 tus
360 3792 381 3832 G
396 3793 432 3831 tta.
494 3789 515 3840 e)
533 3801 593 3828 anno
609 3790 627 3828 F
644 3791 663 3828 1.

309 3907 338 3972 l)
357 3904 375 3956 i.
395 3921 417 3956 e.
438 3901 694 3964 Oenomounioorum,
715 3901 753 3952 Le
772 3903 860 3954 Mons.
937 3901 965 3969 2)
985 3903 1211 3970 Frequentissimu
1229 3906 1304 3971 opud
1321 3915 1420 3958 ueteres

306 3978 464 4030 christianos
483 3977 560 4044 injus
585 3975 659 4028 uerbi
684 3974 797 4040 coemtio
816 3993 865 4042 pro
890 3977 1024 4028 nocturnis
1045 3979 1169 4044 precibus
1197 3997 1228 4030 uc
1249 3979 1433 4044 psalmodiis,'

307 4052 340 4103 de
359 4049 452 4116 quibus
468 4051 495 4102 d.
508 4048 693 4116 Hieronymus,
717 4049 896 4102 Tertullianus
916 4049 1020 4118 otiique.
1050 4052 1097 4102 ΒΙ.
1172 4053 1202 4116 3)
1222 4051 1421 4105 Oeleberrimnm

307 4141 340 4176 ese
358 4125 405 4176 lsoc
423 4121 505 4174 Pauli
521 4123 605 4174 nostri
622 4120 707 4187 cupite
725 4125 928 4176 controuersiam
946 4126 979 4176 ele
1002 4126 1173 4178 translatione
1197 4125 1313 4192 eorporis
1332 4144 1352 4176 s.
1373 4127 1419 4176 ab·

308 4197 375 4249 betis
393 4197 530 4250 Benedicti
549 4197 653 4263 ejusque
672 4197 768 4246 sororis
787 4197 965 4250 Scholastico'e
985 4195 1122 4250 Casinates
1140 4201 1209 4252 inter
1227 4209 1252 4252 et
1263 4199 1417 4251 Etorioeen-

306 4289 347 4324 ses
366 4272 513 4333 monachos,
532 4269 608 4320 immo
626 4268 695 4320 inter
712 4269 797 4320 Italos
820 4277 921 4323 nostros
946 4277 971 4324 et
990 4271 1079 4324 Gallos
1104 4272 1234 4325 multoties
1252 4274 1414 4340 refricamus,

302 4343 527 4412 praestantissimi
541 4341 594 4396 oiri
603 4343 662 4408 jum
673 4341 720 4394 otiu
724 4352 933 4409 pertractarunt.
953 4347 1000 4397 ΒΙ.
1049 4343 1078 4412 4)
1096 4345 1178 4411 1324.
1237 4345 1417 4414 Ditemque.
