3076 5004
223 439 333 490 PAULI
353 436 527 490 HISTORIA
546 436 882 490 LANGOBARDORUM.
921 439 992 490 LIB.
1012 439 1059 491 IV.
1154 440 1206 490 149

84 604 294 670 excellentiae
332 613 458 670 vestrae
496 602 682 688 referimus,
723 605 799 690 quia
836 606 1027 690 peticionem
1065 615 1206 672 nostram

83 689 262 772 audientes,
313 710 413 770 ecem,
469 697 550 752 uaea
577 689 721 752 utrisne
750 697 834 754 esset
861 690 1006 774 partibus
1030 689 1207 776 profutura,

84 774 169 837 sicut
191 773 230 837 de
252 711 344 836 volis
363 709 610 836 confidentiamb
633 771 674 835 ha
699 773 814 854 uimus,
839 771 1007 838 ordinastis
1016 785 1037 837 ⁶.
1067 773 1121 837 Ex
1144 797 1207 860 qua

83 879 121 920 re
144 855 350 922 excellentiae
372 864 495 920 vestrae
535 855 738 920 rudentismd
761 866 792 920 et
838 857 1003 922 onitateme
1025 855 1119 922 valde
1140 857 1207 922 lau-

83 939 215 1023 damus,
249 941 326 1026 quia
357 961 470 1024 pacem
503 878 678 1024 diligendo,
711 939 841 1004 Deumf
881 963 953 1022 vos,
987 943 1042 1039 qui
1077 951 1208 1006 auctore

83 1025 95 1086 i
121 1026 188 1089 sius
203 1032 260 1105 est,
282 1044 399 1105 amare,
421 1023 613 1088 monstratis.
649 1023 732 1087 Nam
747 1025 784 1106 si,
807 1023 909 1110 quodh
931 1023 1024 1108 abs1t,
1045 1023 1128 1088 facta
1142 1047 1207 1090 non

98 1109 207 1190 uisset,
236 1107 330 1192 quidi
363 1109 417 1193 agi
445 1106 566 1189 habuit,
596 1107 657 1170 nisi
677 1116 713 1171 ut
742 1129 816 1171 cum
840 1119 974 1194 peccato
1004 1119 1035 1173 et
1063 1108 1205 1194 periculo

83 1191 227 1277 partium
241 1191 428 1255 miserorum
443 1192 635 1256 rusticorum
652 1193 791 1276 sanguis,
807 1213 944 1277 quorum
958 1189 1049 1256 labor
1062 1195 1216 1278 utrisque.

82 1274 223 1360 proficit,
245 1274 452 1338 funderetur?
495 1273 560 1338 Sed
581 1283 617 1338 ut
630 1275 812 1360 prodessetl
828 1276 919 1340 nobis
935 1277 1070 1341 eandem
1084 1297 1208 1362 pacem,

85 1359 356 1444 quemadmodum
372 1380 392 1422 a
406 1359 498 1424 vobis
518 1357 603 1422 facta
622 1370 678 1440 est,
702 1360 884 1442 sentiamus,
905 1369 1039 1444 paterna
1061 1360 1205 1424 caritate¹

62 1441 257 1528 'salutantes
282 1443 431 1528 petimus,
453 1451 497 1524 ut,
522 1443 667 1528 quotiens
688 1444 814 1506 occasio
836 1456 892 1508 sem
916 1443 1046 1526 dederit,
1069 1442 1206 1508 ducibus

82 1526 197 1590 vestris
218 1549 276 1611 per
297 1525 424 1590 diversa
445 1525 517 1590 loca
538 1537 570 1590 et
584 1527 725 1591 maxime
746 1527 780 1589 in
800 1525 850 1590 his
865 1527 1010 1612 partibus
1025 1529 1206 1592 constitutis
1228 1538 1230 1543 '

71 1613 198 1675 ‚vestris
220 1610 424 1695 praecipiatis
440 1609 592 1695 epistolis,
615 1619 651 1673 ut
671 1609 754 1673 hanc
768 1631 890 1696 pacem,
915 1611 998 1675 sicut
1011 1611 1206 1697 promissum

81 1703 140 1776 est,
163 1705 265 1778 pure¹¹
287 1693 481 1770 custodiant,
506 1704 538 1758 et
565 1695 749 1759 occasiones
773 1695 837 1758 sibi
865 1694 989 1781 aliquas
1018 1717 1083 1759 non
1111 1717 1205 1781 quae-

81 1785 163 1859 rant,
194 1778 278 1842 unde
307 1787 363 1841 aut
385 1778 545 1843 contentio
578 1777 734 1864 quaedam
757 1788 814 1841 aut
834 1779 868 1841 in
892 1779 1031 1843 ratitudo
1045 1789 1207 1861 nascatur,

82 1869 240 1946 quatenus
262 1859 418 1925 voluntati
437 1870 560 1926 vestrae
582 1883 678 1946 agere
699 1863 818 1948 grades
832 1801 1006 1927 vaieamus.
1049 1863 1205 1927 Latores⁰

81 1966 158 2010 vero
187 1946 402 2030 praesentium
431 1944 624 2025 litterarum,
655 1947 738 2010 sicut
762 1967 874 2011 revera
902 1947 1046 2010 homines
1072 1956 1206 2028 vestros,

80 2029 115 2090 in
145 2049 183 2092 eo
212 2029 318 2116 quodi
348 2029 460 2094 debuit
486 2029 625 2094 affectus
648 2051 740 2094 susce
764 2030 864 2112 imus,
895 2031 970 2115 quia
990 2032 1113 2094 iustum
1134 2031 1206 2113 fuit,

81 2121 118 2175 ut
138 2113 245 2176 virosi
268 2113 426 2198 sapientes
448 2120 480 2176 et
502 2113 574 2198 quir
597 2133 710 2197 pacem
745 2123 850 2177 actam
871 2113 943 2177 Deo
964 2115 1104 2199 propitio
1126 2135 1205 2177 nun-

79 2195 201 2260 tiarunt
228 2217 302 2260 cum
322 2197 474 2260 caritates
498 2205 529 2260 et
550 2197 713 2280 suscipere
735 2206 767 2262 et
788 2195 945 2261 dimittere
966 2197 1173 2262 deberemus'.

168 2281 215 2344 10.
269 2280 357 2344 Inter
383 2278 462 2343 haec
484 2280 630 2364 sequenti
656 2301 765 2344 mense
786 2279 936 2344 Ianuario
966 2282 1088 2365 paruitt
1115 2281 1205 2347 stella
1214 2269 1276 2370 2¹92),

82 2363 236 2426 cometis¹¹
258 2384 352 2426 mane
382 2371 414 2427 et
434 2383 566 2446 vespere
588 2384 646 2446 per
667 2373 768 2427 totum
800 2385 952 2426 mensem.
995 2363 1045 2428 Eo
1075 2387 1204 2451 quoque

81 2468 192 2510 mense
239 2446 406 2511 defirnctus
451 2455 499 2509 est
529 2444 688 2510 Iohannes
726 2444 986 2533 archiepiscopus
1022 2447 1204 2514 Ravennae.

82 2528 184 2594 Cuius
206 2531 241 2592 in
267 2529 376 2594 locum
397 2529 583 2593 Marianusv
612 2529 720 2593 eivisw
741 2529 905 2594 Romanus
928 2529 1120 2596 substitutus
1143 2542 1202 2597 est.

80 2709 104 2763 a)
122 2721 192 2760 quam
208 2723 230 2752 u.
248 2720 298 2751 csse
314 2721 337 2759 p.
361 2709 475 2748 credimus
491 2709 635 2759 profuturam
652 2709 676 2749 0.
692 2710 720 2748 D.
790 2707 813 2761 b)
831 2709 1002 2750 confidentiaF
1020 2713 1040 2750 1.
1108 2709 1128 2764 c)
1146 2713 1204 2752 ordi·

80 2771 144 2810 nesti
159 2771 179 2810 A
196 2770 219 2819 25
237 2769 348 2810 ordinetis
365 2769 386 2808 D
402 2769 422 2808 1.
441 2767 462 2808 G
478 2771 498 2810 1.
574 2766 597 2818 d)
614 2769 738 2818 prudentia
763 2770 818 2809 r1.
836 2768 856 2809 G
873 2770 893 2809 a.
970 2767 991 2820 e)
1008 2771 1131 2811 veritatem
1147 2771 1165 2810 F
1183 2774 1204 2810 1.

79 2829 172 2881 ηὰοιει
196 2833 216 2874 G
233 2830 254 2868 2.
270 2827 335 2870 dac.
410 2825 433 2877 g)
451 2831 555 2867 auctores
578 2828 594 2866 i.
619 2828 674 2867 estis
698 2827 725 2870 G.
800 2826 824 2878 h)
840 2831 865 2868 ut
887 2828 943 2867 Fr.
1026 2825 1043 2878 i)
1061 2830 1122 2878 quod
1144 2829 1165 2869 A
1182 2831 1203 2870 1.

80 2885 107 2939 k)
123 2889 155 2927 ita
167 2898 211 2936 pro
233 2887 343 2936 prodesse
366 2884 386 2924 A
403 2887 423 2926 1.
440 2882 471 2926 ⁸2.
491 2887 510 2926 2.
528 2885 548 2926 8.
566 2887 586 2926 4.
603 2887 622 2924 Β
640 2888 675 2928 la.
692 2887 713 2927 2.
731 2886 748 2927 G
765 2889 785 2927 1.
801 2887 823 2926 D
841 2887 861 2926 1.
878 2887 896 2926 F
911 2889 931 2926 1.
950 2885 970 2926 G
986 2887 1049 2926 1-4.
1065 2888 1130 2930 dac.
1146 2889 1168 2928 Η
1185 2892 1204 2928 1.

82 2947 133 2998 11,
149 2947 271 2996 quosquis
286 2947 310 2984 in
334 2945 449 2994 archetypo
467 2945 549 2996 fuerit,
572 2945 669 2986 dictitari
683 2946 771 2995 aequin
796 2949 916 2995 propesset
930 2945 949 2984 P
964 2945 991 2994 43
1007 2947 1116 2995 prodesse
1132 2948 1202 2990 ceteri.

81 3004 99 3058 1)
114 3010 218 3054 vespert
233 3006 284 3047 add.
300 3002 320 3044 G
337 3005 357 3045 1.
426 3001 458 3054 m)
475 3004 597 3044 occasione
619 3005 641 3043 d.
658 3003 678 3042 A
696 3006 715 3044 2.
770 3001 815 3055 pn)
831 3015 887 3054 pore
903 3015 958 3043 corr.
982 3015 1128 3054 summopere
1143 3007 1161 3044 F
1178 3007 1203 3055 1;

81 3075 141 3116 pure
158 3075 214 3105 cerr.
238 3073 386 3112 summopere
403 3061 423 3102 G
440 3064 460 3102 1.
530 3060 552 3113 ο)
569 3063 617 3102 lata
632 3062 652 3101 A
668 3059 699 3103 ⁸2.
717 3063 738 3102 2.
756 3063 806 3102 &4
831 3064 865 3112 (de
880 3062 928 3103 Al
952 3073 998 3103 non
1021 3061 1121 3115 constat).
1145 3065 1164 3104 F
1182 3067 1202 3104 l.

83 3123 103 3164 G
120 3126 132 3164 1
149 3122 216 3175 (corr.
231 3120 315 3173 lecte);
339 3123 401 3162 lecte
415 3121 436 3160 A
451 3120 471 3161 5.
489 3121 515 3170 63
538 3123 586 3160 lete
603 3120 622 3160 G
639 3121 659 3160 3.
676 3121 703 3172 45
725 3123 766 3161 leti
781 3121 799 3160 F
816 3119 851 3171 Ὦς
874 3123 971 3165 latorem
996 3121 1016 3162 G
1032 3123 1071 3172 5c3
1093 3123 1202 3163 allatores

82 3182 136 3224 01.
153 3184 165 3222 I
182 3184 206 3231 13
222 3182 338 3222 ablatores
355 3179 372 3220 G
389 3181 414 3228 25
429 3183 494 3220 tenta
509 3181 528 3220 B
545 3180 606 3230 &83
622 3181 707 3221 latores
722 3182 751 3220 D.
768 3181 806 3220 Fi
824 3192 834 3220 e
850 3191 906 3220 corr.
925 3179 945 3220 G
962 3183 1072 3221 decors.
1090 3183 1125 3222 ds.
1142 3183 1163 3222 Η
1181 3185 1202 3225 1.

81 3242 93 3281 I
110 3243 130 3293 2,
146 3242 204 3290 quod
218 3241 342 3292 recepimus,
358 3239 455 3288 meravis
469 3243 606 3278 correcturae
621 3239 692 3278 debers·
706 3240 812 3280 videatur.
873 3239 898 3290 p)
914 3249 959 3288 quo
975 3239 995 3279 A
1010 3241 1030 3278 2.
1046 3241 1068 3280 D
1085 3241 1106 3281 2.
1123 3241 1143 3280 8.
1159 3242 1201 3282 11.

83 3322 106 3331 -
126 3300 203 3340 decuit
218 3300 235 3341 G
251 3299 272 3340 1.
289 3299 327 3341 41).
345 3297 365 3338 G
382 3297 446 3338 aem.
462 3298 474 3336 1
491 3300 517 3347 13
533 3297 654 3338 debuimus
670 3299 681 3338 1
698 3299 719 3339 2.
737 3320 762 3328 -
780 3297 886 3338 effectum
902 3299 920 3337 F
938 3300 961 3347 13
977 3297 1083 3338 effectum
1100 3297 1121 3340 G
1137 3301 1157 3340 1.
1176 3302 1202 3350 ²3

81 3357 316 3400 affectusG4.13.
378 3355 401 3408 q)
415 3357 521 3396 homines
538 3356 587 3398 01.
605 3358 626 3402 2.
687 3355 707 3408 r)
724 3357 779 3406 quia
796 3356 845 3398 Gl.
863 3357 883 3398 2.
900 3356 920 3398 1.
982 3354 1199 3407 s)caritstemF1.

81 3415 100 3468 t)
117 3417 149 3457 ita
170 3417 191 3456 A
208 3419 229 3458 i.
246 3414 307 3458 Ἠ
332 3415 397 3468 (corr.
420 3414 545 3466 apparuit).
569 3416 591 3454 4.
608 3415 629 3455 5.
645 3416 663 3454 F
681 3418 700 3460 1.
726 3417 747 3457 G
764 3417 785 3459 1.
802 3417 828 3466 23
852 3415 958 3465 apparuit
973 3416 1043 3456 ceteri.
1067 3417 1201 3456 -stellam

81 3477 100 3515 F
117 3477 138 3519 1.
155 3475 175 3517 G
192 3479 211 3518 1.
270 3473 295 3526 u)
313 3478 414 3514 cometes
430 3474 451 3514 G
467 3475 493 3523 ³3
509 3478 608 3514 cometes
623 3475 645 3513 Ι)
662 3475 686 3524 2;
702 3477 826 3515 commetes
842 3474 859 3515 G
877 3475 896 3513 1.
914 3472 935 3514 G
950 3475 984 3516 dc.
1044 3473 1068 3526 v)
1084 3475 1201 3514 Marianos

81 3534 102 3574 A
119 3536 143 3584 23
158 3535 294 3574 Maurienna
311 3532 331 3572 G
347 3534 371 3582 23
387 3533 532 3572 Marinienus
547 3533 569 3572 D
586 3533 606 3574 3.
673 3531 704 3584 w)
722 3535 783 3574 cives
800 3529 862 3574 Aa
880 3533 901 3574 4.
918 3533 969 3574 Dl.
986 3534 1037 3574 El.
1054 3534 1093 3573 Fi
1112 3533 1203 3586 (cibes).

83 3594 104 3635 G
121 3595 190 3642 1-43
207 3603 287 3632 cernes
303 3591 360 3631 civis
377 3590 397 3630 G
413 3591 453 3640 5⁰3
468 3591 523 3630 decet
539 3591 560 3630 D
578 3592 598 3630 2.

83 3744 235 3806 erogantur,
263 3745 293 3790 u't
311 3740 381 3790 inter
409 3755 455 3791 eos
483 3740 573 3790 vivere
601 3741 741 3806 possimus,
770 3741 939 3806 suggerenda
967 3757 1020 3792 non
1039 3748 1108 3793 sunt.
1147 3742 1201 3793 Sed

84 3813 202 3866 breviter
220 3813 320 3876 indico,
349 3813 420 3878 quie,
449 3815 519 3864 sicut
547 3815 575 3862 iu
603 3814 749 3864 Ravennae
779 3814 899 3879 partibus
919 3814 1085 3865 dominorum
1114 3815 1201 3881 pietas

84 3887 156 3955 apud
175 3885 290 3955 primum
315 3888 462 3936 exercitum
481 3883 580 3936 Italiae
609 3884 780 3938 sacellarium
808 3887 898 3950 habet,
920 3890 965 3953 qui
995 3889 1082 3938 causis
1111 3903 1201 3955 super-

82 3959 250 4012 venientibus
269 3959 439 4026 quotidianas
466 3973 597 4026 expensas
621 3959 713 4023 faciet,
736 3961 775 4011 ita
795 3962 866 4011 etin
889 3961 942 4010 hac
963 3961 1028 4012 urbe
1056 3977 1088 4012 ex
1113 3964 1200 4014 causis

83 4034 181 4086 talibus
201 4048 291 4084 eorum
311 4032 471 4084 sacellarius
491 4047 541 4098 ego
556 4030 622 4084 snm'.
660 4033 697 4082 Et
715 4037 806 4090 tamen
824 4034 893 4085 haec
913 4033 1039 4098 eeclesia,
1059 4050 1128 4101 quae
1147 4051 1200 4088 uno

84 4106 231 4172 eodemque
249 4111 370 4174 tempore
390 4105 505 4169 clericis,
527 4108 707 4169 monasteriis,
735 4108 904 4176 pauperibus,
929 4106 1028 4175 populo
1054 4115 1134 4175 etque
1159 4111 1199 4160 in·

84 4195 163 4247 super
181 4179 369 4246 Longoberdis
386 4173 446 4232 tam¹
471 4180 556 4231 multa
582 4179 765 4232 indesinenter
793 4180 928 4248 expendit,
957 4197 1021 4232 ecce
1050 4181 1138 4233 adhuc
1168 4199 1201 4233 ex

84 4255 199 4306 omnium
220 4253 394 4306 ecclesiarum
419 4255 547 4321 premitur
570 4253 716 4305 afflictione
741 4261 786 4306 cic.
826 4252 959 4316 wantum
976 4271 1038 4307 vero
1058 4255 1156 4307 loboris
1176 4263 1200 4306 et

84 4323 167 4380 studii
178 4325 334 4392 impenderit
347 4343 368 4379 s.
377 4325 501 4394 pontifex
515 4326 552 4379 ad
565 4327 831 4388 commiscentibus
845 4327 962 4392 Graecis,
983 4327 1200 4396 comparandam,

80 4401 174 4468 plures
194 4398 265 4450 aliae
283 4397 403 4452 indicant
422 4400 555 4468 epistolae,
574 4419 642 4467 quas
662 4401 767 4468 leucum
787 4410 852 4454 esset
871 4401 912 4453 hic
929 4399 1049 4454 recitare.
1086 4401 1135 4452 Bl.
