2994 4998
237 442 348 493 PAULI
367 441 541 493 HISTORIA
561 439 896 493 LANGOBARDORUM.
933 440 1004 492 LIB.
1024 441 1058 492 V.
1164 439 1216 490 185

100 609 178 697 quid
208 608 248 672 de
277 607 453 673 Unulfuma
474 607 595 671 factum
620 607 742 686 fuisset,
764 607 964 670 nuntiatuml’
986 617 1034 672 est
1054 608 1084 672 ei
1129 607 1217 706 quod

97 693 131 756 in
153 693 239 758 beati
261 691 443 776 archangeli
458 689 645 755 Michahelis
667 689 853 754 basilicamc
875 691 1061 774 confugium
1081 655 1215 757 lecrsset.

99 777 165 857 Qui
187 797 265 840 mox
286 774 327 838 ad
350 796 422 838 eum
444 775 539 856 misit,
569 782 682 859 sponte
703 774 901 858 promittens,
923 773 1010 859 quod
1030 773 1109 836 nihil
1130 784 1216 861 pate-

97 869 186 924 retur
207 857 292 940 mali,
314 859 457 922 tantum<¹
472 859 506 920 in
528 869 606 920 sua⁰
621 857 684 921 fide
705 857 836 922 veniret.
879 856 1017 922 Unulfus
1032 879 1107 921 vero
1122 858 1217 922 talem

98 943 204 1028 regisf
222 943 467 1042 promissionem
483 941 626 1022 audiens,
641 962 719 1004 mox
734 940 794 1004 adss
809 937 965 1026 palatium
979 942 1097 1023 venitl,
1119 952 1216 1027 atque

98 1026 141 1090 ad
162 1048 247 1111 regrs
261 1027 396 1110 vestigia
416 1024 611 1110 provolutus,
632 1026 846 1109 interrogatus
861 1023 901 1087 ab
917 1046 955 1088 eo
977 1035 1035 1107 est,
1057 1025 1217 1110 quomodo

99 1118 156 1172 aut
189 1108 323 1195 qualiter
347 1109 502 1173 Perctarit
534 1109 668 1173 evadere
692 1109 857 1193 potuisset.
909 1110 952 1172 At
984 1107 1036 1173 ille
1064 1130 1137 1172 cum
1171 1110 1216 1173 eii

100 1203 217 1256 cuncta
238 1215 280 1256 ex
302 1191 412 1256 ordine
432 1191 601 1274 retulisset,
630 1214 688 1255 rex
715 1193 806 1256 eius¹⁴
835 1190 932 1255 fidem
960 1201 991 1256 et
1016 1191 1218 1277 prudentiam

100 1275 306 1358 conlaudans,
330 1298 439 1340 omnes
455 1277 539 1340 eius¹
561 1274 728 1340 facultates
744 1284 776 1338 et
791 1274 945 1361 quicquid
959 1274 1077 1341 habere
1092 1285 1218 1360 poterat

99 1359 204 1423 eidem
226 1357 398 1425 clementer
419 1361 583 1424 concessit.

183 1445 213 1507 4.
258 1442 403 1528 Cumque
418 1453 491 1529 post
504 1441 626 1529 aliquot
636 1451 761 1527 tempus
776 1465 834 1506 rex
844 1441 1021 1507 Unulfumm
1036 1443 1217 1540 inquireret,

99 1535 208 1590 utrum
223 1525 316 1592 vellet
338 1529 416 1614 ipsis
440 1525 552 1592 diebus
575 1548 648 1590 cum
663 1527 819 1590 Perctarit
840 1549 918 1608 esse,
941 1525 993 1590 ille
1014 1527 1218 1590 iurerurando

100 1611 154 1693 ait,
180 1611 270 1696 prius
292 1633 325 1675 se
347 1609 463 1675 vellet¹¹
486 1633 559 1674 cum
580 1611 737 1674 Perctarit
757 1611 846 1690 mori,
869 1632 964 1696 quam
984 1631 1120 1694 usquam
1142 1609 1219 1675 alibi

99 1694 134 1756 in
155 1696 287 1758 summis
311 1693 432 1758 deliciis
447 1695 564 1758 vivere.
598 1693 690 1756 Tunc
706 1705 782 1757 rex⁰
798 1694 893 1758 etiam
908 1694 1093 1758 vestiarium
1108 1692 1218 1757 fflumr

99 1778 268 1863 requisivit
290 1777 408 1856 dicens,
430 1786 538 1842 utrum
556 1776 690 1840 meliust
713 1778 741 1841 ei
757 1787 839 1841 esset
858 1789 989 1840 secum&
1009 1778 1043 1839 in
1064 1775 1219 1863 palatium

100 1874 255 1944 maneref,
283 1883 324 1925 an
354 1883 428 1925 cum
449 1861 606 1925 Perctarit
622 1862 656 1923 in
702 1861 931 1946 eregrinaticne
961 1860 1104 1946 degeret
1154 1862 1219 1941 Qui

99 1965 173 2008 cum
203 1945 232 2008 ei
258 1943 375 2008 similia
403 1945 485 2010 sicut
506 1948 554 2008 ett
580 1943 666 2008 Unul
680 1967 718 2008 us
739 1967 790 2008 res
815 1943 971 2025 ondisset,
998 1957 1079 2008 rex¹¹
1109 1967 1220 2008 eorum

99 2027 198 2092 verba
212 2027 350 2112 benigne
372 2029 565 2113 suscipiens
581 2040 778 2113 eorumquew
791 1967 887 2091 idem
910 2027 1114 2110 conlaudans,
1129 2051 1219 2114 prae·

100 2113 185 2209 cepit
203 2111 332 2193 Unulf0,
355 2120 391 2174 ut
404 2112 478 2197 quic
501 2109 558 2174 uid
572 2110 667 2176 vellet
682 2111 722 2175 de
737 2110 831 2174 domo
852 2133 910 2174 sua
930 2110 1081 2192 *tolleret
1103 2133 1220 2196 pueros
1230 2113 1265 2165 'F
1282 2113 1333 2155 ¹4⁰·

101 2196 223 2259 scilicet
256 2205 287 2259 et
313 2216 412 2280 equor
434 2204 465 2258 et
512 2194 648 2257 iversam
678 2192 919 2279 supellectilem,
950 2194 1042 2257 etad
1064 2195 1221 2258 Perctarit

99 2277 240 2342 inlaesus
266 2286 481 2363 properaret¹.
524 2279 600 2341 Pari
626 2277 721 2341 etiam
742 2277 837 2340 modo
867 2287 898 2340 et
924 2277 1109 2341 vestiarium
1130 2276 1220 2340 illum

100 2359 248 2424 absolvit.
293 2360 358 2439 Qui
380 2361 486 2424 omnia
507 2381 566 2424 sua
588 2359 764 2424 secundum
793 2358 1025 2443 benignitatem
1050 2361 1134 2445 regis
1158 2362 1221 2424 suf-

100 2443 244 2508 ficienter
270 2441 423 2524 tollentes,
454 2465 528 2506 cum
551 2443 693 2506 eiusdem
714 2444 799 2528 regis
820 2442 1001 2508 adiutorior
1023 2443 1220 2508 Francorum

100 2527 152 2589 inz
175 2527 312 2612 patriam
333 2527 394 2590 ad³
416 2549 510 2590 suum
532 2525 683 2590 dilectum
704 2527 863 2591 Perctarit
882 2536 956 2591 sunt
977 2527 1121 2612 profecti.

185 2612 214 2675 5.
257 2611 331 2675 Hac
352 2621 416 2676 tem
441 2619 557 2674 estate¹
574 2611 772 2674 Francorum
794 2611 975 2674 exercitusl
996 2609 1036 2674 de
1051 2611 1221 2675 Provincia

100 2694 277 2779 egrediens,
298 2695 351 2757 inc
372 2633 499 2758 Italiam
519 2694 669 2758 introivit.
713 2693 833 2758 Contra
855 2716 935 2780 quos
957 2691 1125 2758 Grimuald
1147 2716 1221 2758 cum

101 2777 346 2863 Langobardis<¹
378 2799 580 2862 progressus,
612 2776 672 2840 hac
706 2798 760 2842 eos
786 2785 853 2842 arte
883 2777 1018 2862 decepit.
1071 2779 1220 2862 Fugere⁶

103 2863 221 2948 quippe
244 2884 278 2926 se
300 2883 410 2926 eorum
432 2863 586 2945 impetum
615 2859 777 2944 simulans,
805 2871 910 2925 castra
939 2882 998 2924 sua
1027 2861 1121 2925 simul
1148 2882 1221 2925 cum

3 3017 8 3024 ,
102 2946 245 3010 tentoriis
274 2954 304 3010 et
333 2944 467 3010 diversis
496 2945 615 3029 pariter
642 2944 759 3008 referta
779 2945 872 3010 bonis
893 2944 1131 3042 praecipueque
1152 2945 1221 3008 vini

102 3029 214 3114 optimi
236 3030 328 3114 copia
350 3026 532 3092 hominibus
554 3027 704 3092 omninos
723 3049 828 3091 vacua
848 3027 905 3093 relr
929 3029 1005 3110 uitss.
1049 3029 1122 3108 Quo
1144 3029 1221 3092 dum

99 3112 296 3176 Francorum
310 3113 396 3176 acies
417 3111 650 3192 advenissenth,
671 3111 889 3177 existimantes
908 3049 1131 3177 grimualdum
1147 3134 1222 3176 cum

102 3273 124 3327 ι)
141 3276 172 3316 tta
187 3275 208 3316 A
224 3277 244 3316 2.
260 3277 279 3316 Β
298 3277 317 3316 1.
334 3276 353 3315 F
370 3277 395 3325 13
418 3275 597 3324 Hunu110013
620 3274 708 3315 Unulto
731 3275 763 3313 vel
785 3272 889 3313 Hunulf0
905 3273 974 3314 ederi.
999 3294 1022 3302 -
1049 3275 1148 3314 dedecet
1163 3273 1184 3314 A
1200 3275 1221 3319 8,

101 3335 125 3388 b)
141 3339 206 3374 nunt.
225 3357 251 3365 -
267 3335 360 3376 recuset
375 3335 399 3373 tn
414 3345 482 3384 muru.
494 3338 545 3383 post
560 3334 631 3383 suppl.
647 3334 665 3372 F
680 3335 699 3372 1.
760 3329 781 3382 c)
798 3333 853 3371 deese
870 3330 919 3371 GR.
981 3329 1005 3383 d)
1021 3335 1037 3373 t.
1053 3336 1079 3372 ut
1094 3330 1154 3373 A’t.
1164 3335 1186 3374 4.
1198 3332 1220 3374 ὗ.

102 3394 129 3434 Β.
146 3394 194 3436 Fl.
210 3394 233 3432 4.
250 3392 277 3434 G.
287 3395 307 3433 1.
324 3389 354 3433 ’1.
372 3395 393 3432 F.
410 3393 430 3434 8.
448 3393 569 3435 811811.
616 3390 639 3443 e)
655 3402 721 3431 suam
737 3391 805 3430 fldem
821 3391 862 3440 11,
878 3401 889 3428 e
903 3401 960 3431 corr.
979 3389 999 3430 G
1014 3390 1035 3428 4.
1080 3389 1177 3442 Gregis
1194 3413 1220 3420 -

103 3456 171 3501 atque
189 3452 218 3491 ad
232 3451 274 3495 dea.
291 3451 309 3492 G
324 3448 355 3490 ’1.
373 3453 393 3492 1.
411 3452 431 3490 1.
447 3451 472 3500 8;
495 3459 570 3500 prom.
588 3471 614 3482 -
637 3449 938 3499 atqueedpoeteappl.1)
956 3450 976 3489 1.
1051 3445 1074 3499 g)
1092 3451 1147 3488 deest
1162 3450 1183 3489 A
1201 3450 1222 3488 1.

103 3507 127 3560 h)
144 3511 199 3548 deest
224 3508 244 3549 G
260 3511 286 3558 23
307 3514 358 3558 poet
380 3510 450 3558 suppl.
468 3508 489 3548 G
505 3510 525 3550 1.
543 3505 566 3547 ’1
591 3507 702 3559 (vocabulo
726 3511 778 3546 aare
800 3507 829 3545 ed
844 3518 867 3556 p.
884 3503 968 3557 eruco);
991 3507 1098 3556 pervenit
1120 3504 1141 3545 A
1157 3507 1178 3550 8.
1195 3529 1221 3538 -

104 3572 173 3617 atque
188 3567 243 3606 decet
260 3567 280 3607 G
296 3567 317 3608 8.
392 3566 409 3618 1)
426 3568 481 3606 deest
496 3565 517 3604 A
534 3568 559 3616 13
575 3567 650 3606 eidem
667 3566 684 3607 0
701 3567 721 3605 1.
797 3564 821 3615 k)
838 3566 860 3604 ei
877 3564 898 3604 G
914 3566 934 3604 1.
953 3565 973 3606 1.
1048 3563 1066 3616 1)
1082 3575 1136 3605 sues
1152 3564 1173 3604 A
1189 3562 1221 3608 ’8.

103 3624 136 3677 m)
153 3625 251 3666 Unultur
265 3625 284 3664 F
301 3627 321 3666 1.
338 3646 364 3654 -
380 3626 510 3674 requireret
523 3625 542 3664 Β
561 3627 581 3664 1.
597 3623 624 3664 G.
685 3621 710 3675 n)
727 3623 758 3661 ua
773 3622 793 3662 A
808 3625 828 3662 1.
846 3624 866 3662 1.
882 3624 903 3662 4.
920 3625 939 3664 Β
956 3624 976 3665 1.
992 3623 1014 3662 D
1033 3625 1051 3663 1.
1067 3625 1087 3664 Β
1105 3626 1125 3664 1,
1141 3625 1221 3665 F1.4.

106 3685 126 3726 G
143 3686 163 3723 1.
180 3681 211 3725 ⁸2.
227 3685 248 3725 2.
265 3684 285 3724 8.
301 3683 324 3724 4.
339 3680 376 3732 ’ὃς
398 3683 556 3732 p.v0101³;
580 3683 641 3723 velle
655 3683 674 3722 B
692 3685 712 3732 1,
728 3681 797 3722 ceteri.
873 3679 896 3732 o)
913 3692 955 3721 rex
978 3686 997 3722 et
1012 3682 1078 3722 illum
1095 3693 1143 3732 req.
1160 3683 1182 3726 d.
1198 3694 1222 3723 u.

101 3748 151 3794 poet
166 3743 236 3792 suppl.
255 3742 275 3782 G
291 3743 311 3782 1.
372 3739 396 3792 p)
413 3741 435 3781 et
451 3752 481 3782 m.
498 3740 518 3779 A
534 3737 566 3784 ’8.
627 3739 651 3792 q)
667 3741 722 3780 deest
737 3741 756 3779 Β
775 3741 794 3780 1.
855 3737 876 3791 r)
892 3741 924 3780 itu
939 3739 1034 3782 Al-b.
1050 3742 1069 3780 Β
1088 3742 1107 3780 1.
1126 3743 1146 3781 2.
1162 3742 1183 3781 D
1201 3743 1221 3782 1.

103 3804 122 3842 F
139 3805 164 3851 13
179 3802 363 3852 palatiumenere
378 3801 398 3840 Β
415 3801 439 3849 13
455 3799 542 3848 palutio
557 3810 588 3842 m.
602 3800 672 3840 ceteri.
733 3796 753 3848 e)
770 3798 864 3846 degeret
877 3799 896 3838 F
913 3801 933 3839 1.
994 3797 1012 3850 t)
1028 3800 1083 3838 deut
1099 3799 1117 3840 G
1134 3802 1155 3839 1.
1171 3800 1183 3839 1
1200 3802 1221 3841 1.

7 3871 8 3874 ’
103 3859 128 3912 u)
143 3872 184 3901 rex
201 3881 226 3889 -
250 3859 391 3901 conlaudans
406 3859 431 3897 tn
445 3869 514 3907 mara.
529 3858 600 3908 suppl.
617 3857 638 3898 G
655 3860 674 3899 1.
739 3854 763 3908 v)
779 3858 803 3896 in
817 3857 856 3896 toa
870 3857 973 3897 acutulo
988 3858 1066 3898 aestate
1074 3857 1222 3908 frumentum

104 3921 149 3962 cod.
167 3919 187 3961 G
203 3915 234 3959 ’1.
294 3916 326 3967 vr)
340 3920 462 3965 utrumque
477 3917 496 3955 F
512 3919 532 3958 1.
550 3916 570 3956 G
586 3917 650 3956 1-4.
667 3916 678 3955 1
693 3915 714 3967 8,
729 3926 787 3955 corr.
803 3916 924 3965 utriusque
941 3915 961 3957 G
977 3915 998 3967 8,
1015 3922 1034 3955 ct
1048 3917 1080 3956 tta
1094 3917 1142 3959 F4.
1160 3917 1223 3967 (155

105 3989 183 4020 eorum
200 3979 220 4018 D
237 3979 257 4018 2.
274 3977 293 4016 Β
310 3977 330 4015 1.
405 3975 429 4026 x)
445 3976 582 4026 propinaret
596 3975 617 4016 A
633 3975 661 4023 ῖς
683 3977 818 4024 properaret
833 3975 850 4014 F
867 3975 888 4016 1.
962 3972 986 4025 y)
1001 3975 1140 4016 adiutorium
1157 3975 1174 4017 G
1189 3972 1221 4018 ’1.

8 4033 12 4043 ’
105 4039 126 4078 D
144 4039 164 4089 2,
185 4047 241 4079 corr.
258 4035 372 4076 adiutorio
389 4033 409 4075 G
425 4035 449 4084 8;
472 4034 588 4074 adiutorio
603 4045 660 4074 corr.
677 4033 817 4073 adiutorium
831 4033 850 4072 F
868 4034 887 4072 l.
963 4030 985 4084 r)
1000 4035 1056 4074 deest
1079 4031 1142 4075 0⁸1.
1161 4037 1181 4076 1.
1198 4035 1220 4076 8.

107 4094 231 4148 1011th
247 4098 336 4145 ltpost
352 4094 404 4135 cdd.
421 4092 442 4134 G
458 4095 478 4133 1.
494 4094 521 4143 23
536 4096 589 4144 post
604 4091 625 4133 G
641 4091 706 4131 ὕεια.
722 4110 749 4120 -
766 4101 831 4131 suum
847 4092 902 4130 deest
916 4091 942 4130 F.
960 4091 989 4133 G.
1004 4093 1016 4132 Ι
1032 4093 1057 4143 8;
1072 4093 1093 4132 (1.
1109 4094 1154 4134 ribi
1171 4093 1222 4135 Gt.

106 4155 130 4204 b)
146 4156 271 4196 exercitum
293 4151 314 4193 A
330 4154 351 4196 1.
374 4154 394 4194 Β
412 4154 432 4192 1.
452 4152 471 4192 F
488 4153 514 4201 1;
537 4152 595 4202 qnod
608 4152 633 4190 in
648 4149 843 4200 arctappcfutue
857 4151 947 4193 videtur.
1023 4149 1045 4204 o)
1061 4162 1109 4201 egr.
1125 4151 1220 4194 Almen.

107 4215 168 4255 niam
185 4214 205 4254 A
221 4214 242 4253 8.
317 4209 340 4264 d)
357 4211 493 4253 Alemannis
508 4212 528 4251 A
544 4211 565 4252 8.
632 4207 654 4261 e)
670 4210 755 4258 Fugite
770 4209 788 4248 F
806 4209 826 4250 1.
843 4207 864 4262 G
881 4211 901 4251 1.
917 4209 937 4250 8.
954 4210 976 4250 4.
1050 4208 1140 4262 θᾶκοι
1155 4211 1174 4252 A
1189 4208 1219 4252 ’8.

109 4271 132 4325 3)
148 4283 194 4314 non
210 4283 228 4316 r.
246 4270 267 4313 G
283 4272 347 4313 1-4.
406 4270 430 4322 h)
447 4270 601 4311 advertissent
616 4269 635 4308 F
651 4269 673 4310 4.
690 4266 710 4308 G
727 4267 792 4310 1-5.

109 4385 137 4453 1)
156 4384 198 4436 De
216 4393 328 4451 tempore
345 4401 399 4436 uon
418 4389 528 4437 coastat.
