3076 5004
262 417 373 468 PAULI
393 415 568 468 HISTORIA
586 415 920 468 LANGOBARDORUM.
959 417 1030 468 LIB.
1050 417 1086 466 ΙΙ.
1200 417 1233 466 95

1229 525 1234 551 l

114 585 261 669 simeque
282 586 335 648 in³
357 581 468 648 eadem
497 581 627 646 civitate
655 583 793 678 primum
822 579 996 668 presbiter,
1026 582 1139 648 deinde
1169 587 1234 672 epi-

115 689 234 753 scopus
258 667 422 731 ordinatus
444 675 506 746 est,
538 676 633 751 atque
661 687 693 728 1n
716 665 828 731 eodem
849 664 920 729 loco
943 665 1039 749 digno
1060 668 1235 735 tumulatus

114 751 236 816 honore
259 751 404 837 quiescit.
447 749 511 812 Hic
531 749 617 814 beati
634 748 765 812 Martini
787 749 899 813 vitamb
922 758 1070 834 quattuor
1090 753 1124 815 in
1144 751 1234 818 libris

114 833 245 899 heroico
267 856 362 900 versu
385 833 550 897 contexuit
558 844 580 915 ⁰,
614 841 646 896 et
666 831 766 896 multa
797 832 860 896 alia
884 833 1089 920 maximeque
1120 858 1235 920 ymnos

115 917 315 1003 singularum
335 917 541 982 festivitatum
552 929 584 980 et
603 917 775 1001 praecipue
790 915 832 979 ad
847 915 989 1001 singulos
1004 919 1124 982 amicos
1139 923 1235 984 versi·
1259 971 1263 980 .

115 1001 215 1084 culos,
244 999 323 1065 nulli
355 1009 520 1086 poetarum
546 998 716 1082 secundus,
748 1001 840 1064 suavi
862 1011 893 1066 et
924 1000 1065 1067 disertod
1091 1023 1235 1068 sermone

116 1086 298 1170 conposuit.
330 1083 384 1148 Ad
398 1085 490 1148 ouius
502 1105 562 1168 ego
577 1082 745 1166 tumulum,
761 1105 834 1147 cum
845 1083 921 1148 illuc
936 1087 1087 1150 orationis
1109 1089 1235 1170 gratia⁰

115 1167 356 1251 adventassem,
387 1167 448 1232 hoc
474 1167 681 1253 epitaphium,
703 1178 834 1252 rogatus
866 1165 907 1230 ab
929 1167 1054 1253 Apros,
1092 1171 1235 1236 eiusdem

117 1250 182 1316 loci
204 1249 348 1332 abbate1,
372 1251 575 1317 scribendum
597 1252 762 1315 contexui:

201 1335 359 1420 Ingenio&
381 1333 494 1417 clarus,
517 1357 612 1400 sensu
634 1333 726 1416 celer,
749 1335 822 1399 ore¹¹
846 1335 962 1417 suavis,

287 1417 386 1484 Cuius
408 1417 499 1484 dulce
521 1416 619 1482 melos
640 1419 757 1505 pagina
779 1417 878 1482 multa
899 1419 993 1501 canit,

199 1502 403 1584 Fortunatus,
425 1525 511 1589 apex
532 1510 651 1584 vatum,
671 1501 862 1567 venerahilis
883 1513 967 1584 actu,

283 1586 429 1650 Ausonia
449 1587 586 1672 genitus,
610 1586 669 1649 hac
690 1585 882 1650 tumulaturi
904 1586 1011 1650 humo.

200 1668 301 1734 (iuius
322 1670 363 1734 ab
387 1693 440 1734 ore
462 1691 552 1734 sacro
575 1679 756 1734 sanctorum
778 1681 868 1756 gesta
889 1671 1055 1757 priorumk

282 1753 466 1818 Discimus:
488 1753 567 1819 haec
588 1763 765 1819 monstrant
786 1775 915 1840 carpere
935 1754 1016 1818 lucis
1037 1758 1107 1820 iter.

199 1835 301 1918 Felix,
324 1859 406 1923 quae
428 1839 523 1903 tantis
545 1837 714 1920 decoraris,
738 1837 852 1920 Gallia,
874 1840 1018 1924 gemmis,

282 1921 420 1986 Lumine
442 1921 482 1986 de
505 1943 640 2008 quarum
660 1944 726 1986 nox
748 1923 807 1988 tibi
828 1932 910 1986 tetra
930 1923 1023 2007 fugit.

199 2003 290 2068 *Hos
311 2005 471 2070 modicos¹
498 2027 588 2091 prom
614 2007 641 2070 si
662 2005 788 2092 plebeio
811 2007 951 2070 carmine
971 2029 1092 2090 versus,
1244 2020 1281 2075 'a
1298 2024 1336 2065 81-

282 2089 332 2154 Ne
353 2099 426 2154 tuus
447 2090 481 2152 in
491 2111 544 2188 ‘po
569 2029 638 2172 ulls,
661 2099 779 2172 sancte,
801 2089 913 2155 lateret
933 2089 1043 2154 honor.

197 2171 309 2238 Redde
330 2173 434 2237 vicem
456 2195 588 2238 mrsero:
610 2196 651 2238 ne
671 2174 777 2238 iudice
799 2195 932 2260 spernar
952 2175 993 2238 ab
1015 2195 1128 2260 aequo,

281 2255 450 2320 Eximiism
471 2259 592 2322 meritis
614 2279 721 2342 posce,
743 2257 849 2322 beate!
872 2278 996 2342 precor.

198 2339 289 2406 Haec
310 2341 422 2426 paucis
444 2341 483 2406 de
511 2350 599 2405 tanto
630 2342 718 2423 viro,
745 2363 785 2405 ne
818 2342 886 2405 eius
918 2342 1017 2404 vitam
1050 2341 1121 2404 suin
1148 2342 1233 2406 cives

114 2422 257 2488 funditus
284 2425 481 2508 ignorarent,
511 2423 738 2507 dehbavimus3
763 2446 849 2488 nunc
870 2423 911 2486 ad
940 2422 1090 2487 historiae
1120 2425 1234 2488 seriem

113 2516 415 2690 reverigllnulpitur⁰
430 2589 548 2656 Alboin
562 2589 787 2689 Vincentiamil
809 2590 1033 2677 Veronamque
1049 2600 1087 2690 et⁸
1095 2590 1233 2690 reliquas
1243 2619 1293 2662 ssa

113 2674 268 2739 Venetiae
290 2685 444 2758 c1v1tates,
473 2684 636 2760 except1s‘1
658 2676 847 2739 Patavrumr
868 2685 899 2739 et
919 2674 1180 2740 Montemsrl1c1s³
1203 2685 1234 2740 et

113 2757 307 2841 Mantuam,
331 2759 425 2844 oepit.
458 2758 611 2824 Venetial
626 2759 711 2824 enim
725 2781 790 2823 non
805 2757 908 2823 solum
923 2759 956 2822 in
977 2762 1089 2846 paucis
1111 2757 1233 2842 insulis,

150 2882 175 2952 *)
194 2883 218 2934 L
240 2885 253 2933 1
276 2883 366 2936 adata:
395 2886 506 2936 Mantua
534 2887 642 2953 accepit
669 2902 766 2937 nomen
795 2885 886 2936 afilia
903 2887 1039 2948 Teresiae,
1069 2903 1120 2952 que
1139 2887 1232 2938 habuit

187 2973 284 3010 nomen
301 2959 421 3021 Mantua,
442 2965 468 3009 et
486 2958 579 3010 fuitex
598 2974 698 3024 genera
717 2958 914 3020 Thebanorum,
935 2965 961 3010 et
981 2975 1042 3010 cum
1060 2961 1179 3011 venisset
1197 2959 1233 3010 ad

186 3032 386 3156 {taliffilrjlem
405 3033 540 3083 civitatem
558 3033 588 3082 in
606 3034 729 3096 Venetia,
750 3047 829 3098 quam
849 3033 882 3083 de
900 3033 1008 3084 nomine
1028 3049 1075 3084 suo
1094 3033 1233 3084 Mantuam

204 3121 256 3172 ppe
336 3141 343 3156 .

115 3211 138 3266 a)
153 3215 178 3254 in
194 3214 275 3255 eadem
290 3214 332 3255 aa.
349 3209 408 3254 G't.
426 3235 452 3243 -
470 3215 586 3255 civitatem
602 3214 622 3254 A
637 3215 658 3254 2.
675 3215 697 3254 D
713 3217 733 3256 1.
749 3215 768 3254 i*
783 3215 795 3254 1
814 3213 989 3267 (qaodfortasse
1004 3216 1147 3265 recipiendam
1163 3213 1232 3268 erat);

115 3273 210 3314 eandem
227 3273 343 3314 civitatem
359 3272 377 3313 G
393 3272 414 3314 2.
461 3271 484 3324 b)
500 3274 547 3314 vita
562 3275 580 3312 F
598 3275 617 3314 1.
665 3271 686 3324 e)
703 3275 832 3324 composuit
848 3273 868 3314 G
885 3276 910 3322 23
931 3275 1040 3315 contexui
1055 3275 1073 3313 F
1090 3277 1110 3314 1.
1156 3273 1233 3326 d)dis-

115 3335 175 3373 serto
198 3343 288 3373 a-corr.
304 3330 326 3370 A
342 3333 362 3382 1,
385 3336 404 3370 et
426 3331 457 3371 ito
480 3333 498 3370 F
515 3333 535 3374 1.
554 3331 609 3373 Gi.
626 3332 716 3381 a133
740 3333 836 3372 disserte
853 3343 872 3373 o.
890 3331 911 3372 G
925 3333 946 3372 4.
1023 3331 1045 3384 a)
1062 3335 1158 3382 gratiam
1173 3333 1194 3373 A
1211 3334 1231 3373 2.

114 3392 168 3432 rr.
186 3389 207 3431 e
222 3391 242 3432 a.
258 3391 279 3429 4.
340 3389 359 3442 f)
376 3390 404 3430 aa
421 3390 518 3440 spera
535 3389 571 3440 ’ὴ
595 3381 681 3440 sisio
698 3389 845 3442 (presbitero)
862 3390 883 3430 A
899 3391 924 3440 ες
950 3402 1035 3430 erasum
1050 3393 1099 3432 Bi.
1114 3393 1135 3430 n
1152 3392 1173 3432 4.
1189 3393 1231 3430 rr

115 3447 224 3501 (ahbapro
240 3460 296 3490 corr.
313 3447 365 3500 ah);
385 3449 600 3490 secretana.
617 3450 628 3489 Ι
645 3451 680 3490 lb.
698 3451 723 3499 ὃς
747 3450 890 3500 epitaphium
907 3450 977 3490 abbas
992 3449 1048 3502 (poet
1063 3451 1134 3498 suppl.
1151 3447 1174 3500 6)
1190 3460 1232 3500 pro

114 3519 135 3550 a.
150 3509 196 3548 loci
212 3509 320 3558 episcopo
340 3518 383 3550 scr.
407 3509 428 3548 A
444 3508 466 3552 ὕ.
482 3509 506 3560 63
524 3519 542 3548 r.
558 3509 586 3548 ab
601 3507 644 3559 Ap.
662 3510 699 3548 des
722 3508 743 3548 A
759 3509 787 3550 ob
812 3509 870 3562 (post
893 3507 982 3560 sappi).
1050 3506 1073 3560 g)
1089 3518 1168 3548 nouam
1183 3519 1231 3558 cop.

113 3567 154 3606 inc.
171 3565 191 3606 A
207 3567 228 3608 2.
244 3562 275 3605 ⁸8.
300 3566 337 3605 Ad
353 3567 417 3606 culus
441 3577 484 3616 ego
507 3567 620 3606 tumulum
645 3588 669 3597 -
695 3568 848 3609 delibavimus
872 3569 914 3610 des.
936 3567 957 3606 A
974 3565 1009 3616 '4;
1032 3578 1117 3608 carmen
1133 3572 1152 3606 et
1167 3567 1233 3606 verto

113 3625 177 3665 Haec
189 3646 214 3654 -
225 3628 368 3664 revertamur
383 3626 425 3668 des.
434 3626 460 3665 F.
472 3624 493 3666 G
503 3624 603 3678 (infolio
618 3632 693 3666 marato
709 3627 816 3676 supplerit
831 3631 940 3666 corrector
955 3624 1012 3678 Fa).
1057 3625 1080 3679 h)
1096 3636 1182 3674 oreque
1190 3625 1202 3666 1
1211 3627 1231 3664 1.

113 3683 195 3724 Paulus
207 3683 360 3732 pronuntiavit
375 3685 477 3724 su-a-vis.
538 3682 555 3734 i)
573 3686 697 3726 tumulatus
714 3687 731 3727 0
749 3687 826 3728 1.11.
888 3683 913 3737 k)
929 3687 1019 3735 piorum
1036 3683 1060 3726 G.
1078 3685 1112 3734 D;
1128 3683 1233 3724 Ausonia

115 3764 140 3774 -
156 3742 260 3792 priorum
275 3742 318 3781 dea
335 3741 352 3782 G
368 3743 389 3782 2.
450 3741 467 3793 l)
484 3744 588 3783 modicus
603 3744 622 3784 A
640 3747 659 3785 1.
677 3741 708 3784 ⁸2.
726 3745 746 3786 2.
763 3746 785 3784 4.
801 3746 820 3784 B
836 3747 857 3787 2.
873 3746 892 3785 Ε
910 3746 930 3796 1,
946 3755 1003 3788 corr.
1019 3744 1120 3783 modicos
1136 3745 1157 3782 Ι)
1175 3746 1232 3784 1,-

113 3811 220 3852 prompso
235 3799 257 3840 A
273 3801 297 3850 13
313 3802 392 3850 propri
409 3799 425 3842 G
441 3797 537 3850 ⁸13teci
552 3802 645 3852 plebeio
661 3814 671 3842 e
686 3815 743 3845 corr.
758 3805 778 3844 B
796 3807 815 3846 1.
890 3801 921 3856 m)
937 3804 1035 3844 eximius
1052 3802 1076 3843 O.
1093 3803 1115 3842 D
1131 3803 1166 3842 la.
1183 3803 1194 3842 1
1211 3805 1231 3843 1.

113 3858 136 3912 n)
151 3861 179 3901 de
194 3861 215 3900 A
232 3862 251 3900 1.
313 3857 335 3910 o)
352 3861 370 3900 1.
388 3871 440 3900 cum
455 3859 506 3902 Aa
567 3859 591 3913 p)
608 3862 737 3903 vicentiam
754 3862 774 3903 G
790 3864 815 3912 23
830 3863 985 3904 vincenniam
1001 3861 1018 3901 0
1035 3863 1055 3902 l.
1073 3862 1122 3902 a.1
1139 3863 1164 3911 13
1179 3863 1232 3904 Vin-

114 3921 193 3962 cencia
207 3919 347 3967 Veronaque
361 3919 380 3958 P
397 3921 417 3963 1.
477 3917 500 3971 q)
518 3921 655 3970 exceptor.
673 3920 700 3961 G.
717 3921 762 3962 Ia
822 3919 841 3972 r)
858 3923 970 3961 Patavum
985 3921 1004 3960 E
1022 3922 1046 3970 13
1061 3921 1158 3960 Patauio
1174 3921 1194 3960 A
1210 3919 1231 3962 ὕ,

113 3979 131 4018 Β
149 3981 183 4020 la.
201 3980 213 4019 2
230 3990 240 4018 e
255 3988 324 4028 ουτω
340 3977 423 4018 Patavi
438 3977 456 4018 c
472 3979 492 4020 3,
509 3978 529 4020 G
545 3980 566 4019 3.
582 3976 618 4030 ⁸53
634 3981 721 4020 Padavi
737 3981 755 4019 F
772 3982 792 4020 1.
810 3979 831 4020 G
847 3981 867 4022 2.
885 3981 911 4029 43
927 3980 1029 4019 Paduam
1045 3980 1098 4029 Νη
1114 3980 1232 4020 Pataurim

114 4036 181 4078 otu.
197 4038 218 4078 D
236 4039 255 4079 1.
272 4037 294 4076 Η
311 4037 336 4086 ⁸3
360 4038 460 4078 Patauro
483 4038 504 4078 D
521 4038 542 4080 3.
558 4039 579 4081 4.
656 4037 675 4090 s)
692 4040 770 4078 Monte
787 4037 810 4079 S.
836 4045 858 4079 et
880 4040 976 4078 Mantua
998 4040 1017 4079 B
1031 4041 1066 4080 la.
1082 4039 1124 4079 Ba
1141 4049 1151 4078 e
1166 4051 1232 4090 sorr„

113 4097 133 4137 D
149 4097 169 4139 3.
186 4097 207 4139 4,
225 4097 252 4146 83
269 4094 365 4137 §cilicas
381 4095 402 4136 A
418 4097 440 4136 2.
461 4117 485 4126 -
502 4100 524 4138 et
538 4098 657 4138 Mantuam
675 4120 701 4128 -
717 4098 800 4138 insulis
816 4099 858 4138 dea
874 4099 895 4138 D
913 4099 934 4141 i.
1006 4095 1232 4150 aversationes.

114 4193 139 4258 1)
158 4191 230 4258 Aper
243 4198 304 4244 teste
323 4193 465 4260 diplomate
483 4193 513 4244 irs
526 4192 618 4244 Gallia
632 4190 785 4244 Christiano
804 4192 845 4257 II,
860 4211 891 4260 p.
909 4193 988 4244 1224.
1010 4193 1091 4245 allato
1111 4193 1230 4244 Pictoris

113 4265 186 4330 apael
204 4264 234 4316 S.
253 4265 390 4318 Hilarium
410 4267 492 4319 abbas
510 4267 628 4319 condam
647 4266 743 4319 exstitit
764 4285 789 4318 a.
812 4268 872 4331 tvo,
897 4267 943 4318 sed
957 4267 1014 4334 jam
1039 4265 1173 4318 abbatiam
1191 4281 1231 4317 re-

110 4338 186 4462 ⁸pegigit
205 4339 358 4463 ξὲθῖῧθέἓι
378 4358 403 4392 a.
424 4342 485 4394 792.
505 4342 566 4408 jam
595 4341 734 4406 defunctas
754 4347 818 4394 erat.
856 4340 960 4392 Paulus
980 4339 1016 4392 iti
1027 4341 1087 4408 fait
1105 4341 1178 4392 intro
1198 4355 1226 4388 a.
