3040 5014
316 435 350 484 26
543 435 653 487 PAULI
672 435 842 488 HISTORIA
863 435 1198 489 LANGOBARDORUM.

323 603 373 684 VI,
394 603 423 667 3.
442 603 490 666 10.
509 603 556 667 16.
577 602 708 668 18-27.
729 603 779 667 30.
801 603 852 667 33.
872 601 922 668 35.
944 603 995 668 38.
1017 604 1068 668 44.
1087 603 1138 667 45.
1159 602 1293 666 50-52.
1314 602 1355 668 55
1377 603 1434 668 his

314 685 427 752 diebus
450 726 489 738 —
510 687 637 752 nomine
658 686 745 769 fuit).
788 687 920 753 Desinit
940 689 978 752 in
999 688 1102 753 corbis
1125 707 1206 773 quae
1228 687 1270 751 sd
1288 687 1432 774 perticas
1495 709 1496 732 ¹

314 769 391 853 (VI,
406 770 475 853 55),
498 771 608 837 ultimo
624 773 850 873 quaternionis
860 770 949 856 folio
966 774 1102 852 omisso,·
1126 794 1209 857 quae
1225 772 1296 835 alio
1310 795 1335 836 s.
1350 771 1431 835 XII.

313 876 431 919 manus
452 878 492 919 su
511 854 603 940 plere
624 858 746 941 incepit
766 855 822 920 sed
843 877 908 920 non
923 854 1046 937 finiuit.
1079 855 1132 920 Ita
1153 855 1347 937 Bethmann,
1371 857 1435 942 qui

280 935 284 947 ¹
313 940 452 1004 codicem
472 879 594 1005 Ilionae
616 941 738 1006 euoluit.

397 1022 466 1109 (14)
500 1024 531 1087 A
555 1024 586 1087 4.
639 1024 933 1088 Bononiensis
968 1021 1004 1086 S.
1037 1021 1222 1088 Salvatoris
1257 1022 1318 1086 Nr.
1352 1021 1428 1104 276,

313 1110 439 1174 membr.
461 1108 492 1171 4.
514 1131 539 1172 s.
562 1105 625 1188 XI,
652 1110 760 1192 primo
790 1108 1003 1192 quaternione
1031 1116 1212 1189 truncatus,
1242 1108 1312 1170 inci
1337 1107 1362 1170 it
1388 1107 1430 1170 in

313 1193 417 1258 medio
446 1193 590 1256 carmine
612 1192 639 1273 I,
661 1191 719 1256 26.-
753 1191 856 1254 Pestis
885 1191 929 1253 ini
952 1209 1002 1253 ua.
1052 1191 1128 1256 Post
1153 1193 1282 1255 tertium
1307 1129 1430 1254 librum

314 1277 443 1341 numeri
465 1275 627 1360 capitibus
649 1299 717 1339 non
731 1277 806 1360 jam
829 1211 1070 1339 adscriiuntur.
1107 1273 1213 1340 Ooden
1227 1297 1267 1338 eu
1282 1275 1429 1360 yenuino

305 1360 591 1507 sontedltaustus,
621 1359 726 1444 pluro
754 1368 860 1422 tomen
884 1360 1078 1445 posterioris
1107 1361 1259 1444 temporis
1288 1359 1431 1444 oestiqia

315 1454 401 1509 osten
427 1445 460 1507 it.

398 1525 569 1613 (15)A5.
635 1527 857 1592 Vaticanus
899 1526 1200 1592 Ottobonianus
1236 1526 1298 1590 Nr.
1337 1524 1428 1606 1702,

315 1611 418 1676 chart.
440 1632 465 1673 3.
480 1611 569 1692 XIV,
592 1612 666 1676 olim
689 1610 973 1696 Altaempsianus,
1003 1611 1061 1675 ubi
1077 1611 1178 1674 Pauli
1199 1611 1350 1674 Historia
1364 1609 1429 1672 Ro-

314 1718 415 1759 mana
437 1704 465 1759 et
484 1695 779 1782 Louyobardorum
800 1705 877 1759 sunt
897 1697 1099 1760 con‘unctae.
1144 1695 1233 1758 Haec
1255 1695 1374 1758 desinit
1396 1693 1428 1774 V,

315 1779 366 1843 40.
381 1780 419 1844 in
443 1779 561 1843 verbis:
583 1801 692 1865 regem
712 1801 791 1860 csse,
814 1778 936 1844 ultimis
951 1717 1029 1843 libri
1039 1779 1139 1864 foliis
1161 1781 1276 1843 uacuis
1296 1777 1428 1841 relictis.

400 1861 469 1951 (16)
491 1864 522 1926 A
537 1863 588 1928 5³.
639 1864 955 1929 Vindobonensis
977 1863 1116 1928 Archioi
1142 1864 1256 1948 imper.
1282 1861 1343 1924 Nr.
1367 1861 1427 1924 771

315 1953 332 2032 (
339 1947 520 2011 Universal.
535 1946 583 2029 5),
604 1948 706 2011 ciart.
722 1971 747 2011 s.
762 1947 831 2028 XV,
854 1970 927 2012 cum
936 1947 1148 2033 praecedenti
1158 1949 1207 2012 ita
1222 1947 1378 2024 conuenit,
1393 1954 1430 2008 ut

315 2033 386 2117 ejus
397 2054 418 2094 a
445 2033 628 2118 oqraplnm
639 2033 799 2096 uideatur.
832 2030 922 2105 Quae
937 2033 984 2096 ibi
998 2031 1124 2110 desunt,
1139 2053 1258 2094 monus
1271 2030 1431 2094 recentior

315 2138 354 2179 su
374 2138 401 2200 p
432 2117 478 2178 oit
498 2138 538 2180 esc
560 2116 667 2180 codice
690 2115 831 2200 quodam
853 2115 968 2181 classis
994 2114 1087 2181 Coel
1107 2115 1151 2178 D.
1195 2115 1294 2178 Hunc
1316 2113 1431 2178 eooloit

348 2245 355 2261 .
381 2197 425 2264 Cl.
455 2199 500 2264 W·
529 2199 746 2265 Wotuuoach..

400 2282 467 2372 (17)
498 2283 598 2348 Ate.
649 2284 984 2348 Vindobonensis
1015 2283 1077 2346 Nr.
1113 2282 1173 2346 104
1205 2281 1309 2365 (Hist.
1335 2277 1429 2364 prof.

315 2366 404 2449 516),
428 2391 457 2431 o.
477 2366 566 2434 1464.
602 2368 719 2434 Jacobi
739 2367 910 2433 Porleonis
931 2365 1152 2430 Ariminensis
1182 2367 1260 2430 'uris
1279 2365 1430 2446 doctoris,

315 2461 382 2515 tum
404 2450 569 2528 Sambuci,
599 2455 741 2537 scrrfqotus
768 2457 880 2516 ‘manu
906 2452 968 2516 mei
990 2449 1126 2537 Georgii
1147 2389 1241 2515 olette
1263 2448 1431 2534 quondam

314 2535 435 2600 Fucini
456 2538 536 2601 civis
557 2537 687 2618 danae,
709 2537 835 2600 membr.
858 2559 883 2600 3.
904 2535 973 2603 XV.
1016 2535 1165 2600 Pronime
1189 2534 1234 2598 ad
1255 2532 1321 2597 45
1343 2554 1432 2596 occe-

317 2618 382 2699 dit,
433 2642 548 2684 uocum
577 2622 674 2684 etiam
703 2621 887 2685 Historiam
913 2620 1098 2684 Romanam
1121 2618 1223 2684 addit.
1260 2615 1431 2705 Peculiare

315 2711 370 2782 est,
430 2749 437 2766 .
459 2703 699 2767 Wattenbacltio
720 2713 872 2786 monente,
896 2704 984 2789 quod
997 2703 1122 2768 indices
1130 2709 1208 2788 post
1228 2700 1346 2765 librum
1361 2721 1431 2765 sen·
1497 2757 1498 2762 ,

316 2795 382 2850 tum
405 2785 525 2852 collecti
545 2787 713 2851 labentur.

401 2869 470 2953 (18)
492 2869 523 2933 A
538 2871 567 2934 6.
604 2871 856 2954 Parmensis,
878 2872 929 2935 De
950 2871 1049 2935 Bassi
1069 2870 1115 2952 ΙΙ,
1138 2869 1192 2950 IV,
1215 2869 1284 2949 126,
1302 2868 1430 2933 membr.

316 2976 341 3016 s.
356 2953 430 3017 XII.
452 2976 501 3018 en.
522 2953 551 3035 8,
572 2977 674 3018 manu
700 2957 856 3020 continua
877 2955 1054 3020 Beneuenti
1076 2957 1217 3039 scriptus
1238 2953 1286 3018 ool
1307 2975 1347 3018 en
1368 2953 1431 3016 Be-

316 3046 494 3102 neoentano
521 3049 680 3123 conceptus.
723 3039 799 3104 Post
828 3039 968 3105 Paulum
995 3041 1167 3124 locuntur:
1208 3035 1261 3101 Ab
1290 3036 1431 3102 adventu

315 3120 598 3206 Longobardorum
620 3143 720 3208 usque
742 3123 784 3187 ad
804 3145 922 3188 annum
944 3122 1052 3188 domni
1068 3121 1245 3188 Grimoaldi
1267 3130 1340 3185 sunt
1353 3122 1430 3185 anni

317 3227 428 3287 ccxu1,·
458 3206 611 3290 epistolae
632 3207 752 3271 Karoli
772 3217 802 3272 et
823 3209 960 3272 Alcuini
979 3208 1119 3290 fictitiae
1146 3214 1203 3291 (ec
1232 3207 1289 3270 loc
1319 3206 1429 3270 codice

315 3292 403 3375 typis
433 3290 531 3355 alatne
562 3291 605 3354 N.
634 3290 732 3355 Arci.
755 3293 789 3374 Ι,
816 3316 855 3378 p.
886 3293 979 3373 169),
1011 3290 1219 3356 Constantini
1250 3300 1278 3354 et
1309 3290 1430 3356 Karoli

317 3372 481 3458 epistolae.
524 3374 627 3439 Foliis
650 3375 774 3460 aliquot
795 3377 983 3461 deperditis,
1005 3375 1105 3439 Pauli
1125 3397 1206 3461 opus
1226 3375 1358 3438 lacunis
1377 3374 1426 3438 la·

315 3457 408 3522 horat
430 3463 472 3540 (e.
492 3481 542 3544 qr.
558 3459 584 3538 I,
601 3459 732 3541 6-15).
775 3461 947 3524 Librorum
976 3459 1058 3523 V.et
1081 3458 1130 3524 VI.
1156 3459 1302 3522 ordinem
1323 3460 1427 3544 scrip-

315 3549 366 3606 tor
387 3544 555 3626 mutavit(
565 3542 595 3623 V,
620 3543 668 3606 11.
696 3544 748 3626 VI,
769 3544 798 3607 5.
829 3543 936 3625 V,30.
969 3543 1002 3624 V,
1027 3543 1075 3608 12.
1099 3543 1147 3607 14.
1172 3541 1220 3606 15.
1245 3542 1293 3606 13.
1314 3543 1364 3624 VI,
1378 3545 1427 3624 4),

337 3626 477 3690 uaedam
499 3629 605 3690 omisit
626 3627 679 3711 (V,
702 3627 854 3708 33-41),
886 3628 956 3692 olio
977 3627 1015 3692 de
1037 3649 1096 3691 suo
1119 3627 1263 3708 addidit,
1291 3648 1331 3689 cn
1358 3627 1429 3692 Vita

316 3648 460 3776 iiarbati
473 3709 667 3797 plerumque
689 3721 796 3775 sumta
812 3711 869 3793 (V,
885 3713 914 3776 2.
932 3713 949 3776 7
958 3735 969 3794 ,·
1001 3711 1050 3794 VI,
1065 3710 1086 3774 4
1104 3735 1143 3777 ece
1158 3711 1280 3790 Beda),
1303 3733 1429 3776 necnon

316 3815 434 3942 {concubi
467 3796 611 3945 capituli
624 3796 798 3943 ὧηάῖοῗπὲ
812 3796 894 3942 iiim
919 3795 1151 3944 Vpcrioguttisit.
1197 3795 1325 3860 Codicis
1347 3797 1430 3860 noti-

328 3900 395 3942 com
437 3901 507 3940 .m.
553 3901 602 3943 o.
662 3901 734 3943 ere
800 3901 969 3944 emanno
1015 3903 1090 3944 ez.

218 3966 254 4021 '11-
271 3970 306 4014 ³11
400 3963 540 4027 *Eodem
568 3973 714 4028 monente
739 3961 868 4026 Ystoris
895 3961 963 4026 Lan
988 3961 1191 4044 oberdorum,
1221 3987 1243 4028 a
1273 3963 1300 4028 l.
1322 3987 1362 4028 m.
1387 3961 1430 4032 G.

317 4045 359 4109 Η.
374 4045 466 4110 Pertz
488 4045 652 4133 descripta
674 4069 713 4110 en
732 4047 918 4111 Annalibus
938 3985 1140 4112 Placentinis
1163 4046 1335 4112 Gibellinis
1358 4048 1429 4112 cod.

315 4129 534 4196 Londinensis
551 4131 677 4194 Harlei.
693 4131 755 4195 Nr.
771 4129 853 4195 3678
875 4137 920 4214 (o.
937 4129 999 4196 SS.
1014 4132 1048 4195 X
1053 4131 1139 4213 VIII,
1186 4179 1193 4195 .
1208 4133 1271 4197 409
1272 4135 1305 4212 ).·
1327 4131 1431 4216 Igitur

316 4233 387 4278 cum
409 4214 657 4300 circumquaque
679 4253 719 4263 -
742 4213 914 4300 subiugata
935 4224 991 4296 est,
1014 4216 1113 4280 Pauli
1133 4156 1252 4282 lilium
1273 4216 1319 4296 ΙΙ,
1345 4239 1428 4280 non-

316 4298 418 4363 nullis
446 4298 581 4379 omissis,
604 4299 741 4384 praebet
768 4321 808 4361 esc
837 4297 945 4363 codice
972 4299 1003 4362 A
1024 4297 1054 4364 5.
1077 4301 1096 4365 6
1123 4299 1218 4364 valde
1241 4299 1349 4364 simili
1374 4299 1428 4363 ole-

315 4385 481 4469 scriptum.
