2994 4998
310 417 362 466 180
466 415 578 466 PAULI
596 412 771 466 HISTORIA
790 409 1127 463 LANGOBARDORUM.
1164 407 1237 460 LIB.
1257 411 1290 460 V.

309 605 375 648 non
395 581 513 646 multo³
535 581 628 665 posti
650 590 793 664 tempore
815 579 880 642 iam
902 576 1023 640 dudum
1044 584 1172 661 pactam
1201 573 1263 638 sibi
1284 573 1347 638 Ari
1373 575 1438 639 erti

309 667 395 751 regis
416 664 524 746 filiam,
547 665 638 727 cuius
659 685 847 748 germanum
862 659 1083 746 Godepertum
1104 661 1313 740 extinexerat,
1362 660 1440 724 uxit

309 771 453 816 uxorem.
485 749 747 812 Beneventanum
761 767 837 811 vero
852 745 1038 824 exercitum,
1054 743 1144 806 cuius
1158 740 1278 806 auxilio
1293 764 1438 827 regnum
1491 813 1492 818 .

309 833 444 918 adeptus
460 841 537 913 crat,
557 831 664 894 multis
680 829 843 894 dotatum⁰
863 828 1047 892 muneribus
1061 827 1184 891 remisit
1203 824 1246 888 ad
1263 827 1407 925 propria
1414 827 1438 892 ⁴³.
1491 861 1492 864 =

309 915 500 1003 Aliquantos
521 924 629 979 tamen
658 936 700 978 ex
724 915 769 977 eis
793 933 903 976 secum
930 909 1128 974 habitaturos
1149 919 1296 992 retenuit,
1317 908 1437 994 largis-

310 1000 406 1064 simas
429 1000 475 1063 eis
496 999 640 1063 tribuens
662 997 890 1082 possessiones.
1490 989 1492 1100 i

393 1083 422 1146 2.
467 1081 533 1162 Qui
561 1090 731 1168 postquam
758 1079 902 1164 conperit
910 1089 932 1161 ⁰,
965 1077 1141 1142 Peretarit‘
1166 1075 1340 1161 profugum
1365 1075 1436 1140 Sci·
1490 1105 1492 1156 ;

309 1167 432 1230 thiam&
453 1165 637 1251 appetisseh
659 1173 691 1228 et
711 1172 790 1248 aput
810 1183 965 1226 cacanum
987 1160 1160 1242 demorari,
1183 1159 1287 1224 eidem
1309 1181 1435 1223 cacano
1491 1219 1492 1224 ,

309 1250 471 1314 Avarumi
495 1249 563 1333 regi
582 1271 640 1332 per
660 1246 782 1330 legatos
803 1245 983 1326 mandavit,
1005 1255 1054 1326 ut,
1077 1244 1104 1306 si
1123 1243 1292 1308 Perctariti
1314 1244 1351 1306 in
1373 1263 1435 1306 suo
1491 1247 1492 1286 i

309 1355 410 1416 regno
439 1331 603 1413 detineret,
633 1352 706 1394 cum
731 1328 951 1414 Langobardis
980 1337 1012 1392 et
1040 1349 1148 1392 secum
1166 1347 1298 1451 pacem,
1330 1348 1435 1412 quam

309 1416 464 1481 hactenus
485 1415 648 1496 habuerat,
670 1414 820 1497 deinceps
840 1412 958 1477 habere
972 1433 1036 1474 non
1057 1411 1160 1495 possit
1184 1457 1192 1472 .
1233 1409 1325 1473 Haec
1345 1407 1436 1473 Ava·
1491 1417 1492 1494 1

311 1501 396 1564 ruml
425 1522 484 1564 rex
510 1497 659 1579 audiens,
688 1497 808 1560 adscito
829 1497 1003 1577 Perctarit,
1025 1493 1108 1557 dixit
1129 1495 1168 1574 ei,
1189 1502 1253 1557 ut¹¹¹
1275 1495 1310 1556 in
1356 1514 1436 1556 uam
1491 1519 1492 1552 .

311 1592 435 1668 partem
457 1581 553 1646 vellet
579 1589 742 1678 pergeret,
768 1601 808 1642 ne
837 1588 968 1664 propter
996 1599 1070 1641 eum
1091 1575 1214 1641 Avares
1243 1597 1317 1640 cum
1377 1597 1435 1640 an-

312 1664 462 1750 gobardis
502 1665 707 1728 inimicitiasn
742 1661 991 1726 contraherent¹.
1048 1661 1205 1724 Perctarit
1238 1681 1316 1723 vero
1350 1661 1435 1724 haec

313 1748 455 1831 audiens,
469 1747 595 1812 Italiam
609 1746 651 1810 ad
666 1744 889 1811 Grimualdum
903 1755 1108 1810 reversurus⁰
1122 1744 1262 1829 repetiit3
1284 1741 1436 1808 audierat

315 1923 532 1978 a)mu1tum0'1.
550 1927 570 1968 G
586 1929 606 1968 8.
623 1929 644 1968 4,
719 1924 743 1976 b)
758 1928 814 1966 deest
830 1926 851 1967 G
866 1929 887 1967 2.
962 1923 983 1976 c)
1000 1926 1097 1964 ditatum
1111 1924 1132 1964 A
1149 1925 1169 1966 3.
1184 1927 1213 1965 Β.
1231 1925 1255 1966 0.
1271 1926 1291 1964 D
1308 1929 1327 1963 ct
1344 1935 1355 1964 c
1371 1935 1432 1964 corr.

313 1987 332 2026 F
348 1988 369 2027 1.
386 1985 407 2026 G
423 1987 443 2024 1.
459 1986 485 2034 43
510 1987 607 2026 muitum
630 1986 715 2025 ditatus
731 1986 750 2024 F
766 1986 792 2034 43
816 1986 900 2024 ditatos
923 1984 943 2023 A
959 1985 980 2024 6.
996 1985 1015 2024 E
1032 1985 1057 2034 23
1080 1985 1190 2023 donatum
1204 1983 1225 2024 A
1241 1985 1263 2025 2.
1338 1980 1363 2034 d)
1380 1993 1434 2032 pro-

314 2045 388 2094 priam
405 2039 461 2084 0⁸1.
480 2045 501 2083 1.
562 2042 585 2094 e)
602 2045 715 2092 conperiit
730 2045 748 2083 F
765 2045 785 2084 1.
844 2043 1028 2094 OPercatharid
1042 2044 1081 2081 too
1095 2043 1140 2081 toro
1156 2041 1205 2083 (11.
1267 2039 1290 2092 g)
1307 2040 1433 2082 Scitthiam

314 2103 332 2143 G
348 2099 379 2144 ‘1.
395 2103 417 2141 D
434 2103 469 2142 la.
486 2101 506 2142 G
523 2104 543 2142 1.
559 2103 587 2152 43
603 2101 740 2142 Schitthiam
755 2103 773 2140 F
790 2104 814 2151 13
831 2101 936 2141 Scittiam
951 2112 1008 2142 corr.
1025 2101 1145 2141 Scitthiam
1162 2100 1183 2140 G
1198 2102 1219 2141 3.
1251 2101 1309 2147 auae
1324 2101 1344 2139 L
1361 2099 1433 2148 isat.

316 2162 365 2202 170.
388 2161 447 2200 addit
469 2172 489 2202 v.
513 2161 576 2202 Aret.
599 2161 638 2212 IX,
659 2172 683 2210 p.
700 2161 755 2210 '1033
777 2159 798 2198 A
814 2161 826 2200 6
843 2161 1009 2198 additamentam
1031 2160 1092 2198 tutat
1115 2159 1140 2198 dc
1160 2158 1247 2206 Scittio,
1267 2159 1377 2198 Hircaaia
1393 2163 1432 2198 cta.

314 2216 338 2270 h)
355 2220 479 2269 appetisset
494 2219 513 2258 F
530 2222 551 2262 1.
610 2218 628 2270 1)
644 2218 772 2259 Avarorum
787 2219 806 2258 B
824 2221 843 2260 1.
860 2219 877 2258 0
894 2215 925 2256 ⁸i.
943 2219 963 2258 1.
978 2217 1000 2256 D
1017 2218 1036 2258 2.
1054 2217 1074 2258 G
1090 2219 1110 2259 2.
1169 2215 1194 2268 k)
1211 2221 1289 2267 posset
1303 2219 1322 2257 Β
1340 2220 1361 2258 1.
1379 2217 1433 2257 01.

316 2277 336 2317 G
353 2279 374 2328 2,
389 2278 435 2318 atii.
496 2276 514 2328 1)
531 2279 621 2318 Avarus
637 2278 658 2317 A
673 2279 693 2318 8.
710 2279 731 2317 6.
747 2278 774 2315 Β.
790 2277 809 2315 F
826 2279 846 2316 1.
865 2277 892 2327 G,
907 2287 964 2315 corr.
980 2275 1082 2316 Avarum
1096 2275 1117 2315 A
1133 2277 1158 2324 2;
1181 2275 1309 2316 Avarorum
1326 2275 1343 2316 G
1361 2274 1392 2317 ⁸1.
1412 2278 1432 2317 1.

314 2337 344 2376 D.
360 2337 379 2375 F
395 2336 416 2376 5.
439 2336 502 2384 1113
525 2336 615 2376 Avarus
637 2337 662 2375 tn
685 2336 797 2384 archetypo
819 2335 921 2383 scriptum
938 2334 1010 2383 faisse
1028 2335 1132 2382 putarim,
1148 2335 1185 2372 sai
1199 2335 1352 2384 coatrafldcm
1367 2335 1430 2376 codd.

314 2394 336 2433 A
353 2396 373 2436 1.
389 2395 410 2434 4.
428 2393 447 2433 5.
465 2394 511 2433 111
533 2395 626 2443 recipcre
640 2395 710 2435 notai.
775 2391 807 2442 m)
823 2394 878 2431 deca
893 2394 912 2432 B
930 2395 949 2433 1.
1017 2390 1041 2442 n)
1058 2393 1205 2432 inimicitiam
1220 2393 1240 2432 A
1256 2390 1287 2432 ⁸8.
1358 2391 1381 2444 o)
1398 2395 1432 2432 ita

315 2454 334 2491 A
351 2454 372 2494 1.
388 2452 408 2492 8.
424 2453 446 2491 4.
464 2452 489 2500 63
505 2463 610 2492 reversus
625 2453 646 2491 A
663 2453 683 2492 2.
699 2453 718 2491 B
737 2453 757 2490 1.
775 2450 799 2490 C.
816 2451 845 2489 D.
860 2451 886 2490 F.
904 2449 937 2500 ὓς
954 2452 1077 2491 revertitur
1091 2453 1110 2491 B
1127 2453 1147 2492 2.
1163 2473 1189 2482 -
1205 2461 1254 2501 rep.
1269 2451 1324 2490 deest
1340 2451 1391 2493 Β1.
1410 2453 1431 2492 2.

315 2597 344 2663 1)
363 2598 521 2650 Firmiorem
545 2598 639 2648 cacani
656 2597 740 2662 fidem
765 2615 824 2648 cara
847 2597 1009 2650 Berttorido
1036 2597 1212 2664 capnosaimas
1237 2615 1270 2649 ca·
1288 2599 1380 2650 Eddio
1400 2600 1431 2650 ia

313 2670 370 2722 vira
389 2690 410 2722 s.
437 2668 553 2735 Walfridi
568 2669 593 2720 1.
613 2669 788 2720 Eboraceasis
808 2669 1005 2736 archiepiscopi,
1024 2669 1098 2720 illias
1119 2670 1180 2722 aeui
1199 2670 1332 2736 scriptore,
1354 2673 1432 2736 apud

312 2743 499 2794 Mabilloniarn
510 2743 540 2791 ia
559 2743 704 2806 appendice
716 2749 774 2794 tom.
787 2741 839 2793 IV.
860 2744 959 2794 saccali
970 2741 1136 2794 Benedictini
1148 2761 1179 2808 p.
1195 2744 1261 2792 691:
1280 2744 1431 2809 Pergentes

312 2818 413 2880 itaque,
432 2813 522 2864 scribit
540 2813 654 2877 Eddias,
673 2818 760 2866 sancti
779 2817 899 2882 episcopi
925 2817 1027 2880 (nempe
1052 2814 1189 2880 Wilsridaa
1208 2825 1232 2866 et
1255 2815 1431 2882 Mandatus),

314 2889 385 2938 viam
404 2888 520 2936 Domino
540 2886 682 2950 dirigente,
708 2895 885 2954 pervenerunt
904 2888 940 2938 ad
959 2889 1133 2939 Berchterum
1152 2889 1316 2954 Campaniae
1335 2905 1431 2954 regem
1491 2889 1492 2892 ’

315 2958 375 3022 (ime
395 2965 433 3009 cst
451 2957 698 3023 Langobardorum,
725 2966 755 3010 at
773 2977 805 3011 en
830 2961 918 3012 eodem
942 2958 1068 3026 scriptore
1093 2967 1161 3012 certo
1187 2961 1322 3026 apparet),
1340 2964 1430 3013 virum

313 3030 441 3080 hamilem
460 3036 487 3081 et
506 3033 623 3096 quietum
637 3039 664 3083 et
681 3039 839 3083 trementem
857 3049 993 3084 sermones
1006 3034 1074 3096 Dei3
1094 3034 1139 3098 qui
1158 3036 1311 3099 peregrinos
1331 3049 1430 3085 secun·

315 3102 378 3152 dum
403 3109 575 3168 praeceptum
601 3105 710 3155 Domini
737 3107 854 3170 benigne
883 3107 1040 3172 suscipiens,
1069 3110 1161 3156 sancto
1186 3105 1306 3172 pontifici
1335 3112 1429 3158 nostro

315 3177 468 3225 enunciavit
487 3175 593 3227 dicens:
622 3178 673 3227 ‘De
693 3179 832 3228 Britannia
849 3179 952 3227 inimici
970 3180 1010 3228 tui
1033 3179 1145 3228 nuncios
1165 3178 1200 3228 ad
1219 3195 1262 3228 me
1281 3179 1428 3242 mittentes,

314 3248 369 3298 suis
388 3249 553 3299 sermonibus
579 3249 727 3301 salutantes
745 3265 797 3312 me,
823 3255 850 3299 et
869 3249 939 3300 dona
957 3251 1022 3300 mihi
1047 3251 1166 3315 maxima
1184 3252 1378 3316 promittentes,
1405 3253 1429 3302 si

314 3325 341 3370 te
360 3320 604 3385 subterfugientem,
627 3329 657 3372 ut
676 3323 806 3384 dixerunt,
833 3323 987 3388 episcopum
1013 3324 1195 3387 angarizarem
1221 3329 1248 3373 et
1266 3325 1301 3374 ad
1320 3329 1428 3388 aposto·

314 3391 394 3442 licam
413 3393 505 3444 sedem
530 3394 684 3444 tendentem
707 3395 864 3457 retinerem3
896 3395 990 3460 quibus
1009 3399 1064 3445 tam
1089 3395 1218 3445 nefariam
1236 3411 1293 3445 rem
1311 3411 1428 3446 renuens

315 3465 384 3514 dixi:
408 3466 478 3516 “rui
496 3465 640 3531 aliqnando
660 3468 688 3516 in
712 3467 755 3516 die
781 3468 925 3518 iuventutis
949 3482 1025 3519 meae
1050 3467 1111 3517 exui
1137 3467 1170 3517 de
1194 3469 1282 3534 patria
1301 3467 1427 3532 expulsus

314 3538 362 3588 sub
382 3553 487 3603 pagano
508 3538 624 3602 quodam
647 3553 711 3602 rege
729 3539 886 3588 Hunnorum
909 3539 1018 3602 degens,
1044 3541 1090 3605 qui
1114 3541 1175 3590 iniit
1199 3556 1304 3590 mecum
1331 3539 1428 3590 foedus

313 3611 342 3658 in
368 3610 419 3660 deo
444 3626 492 3660 suo
517 3611 599 3673 idolo,
623 3615 653 3660 ut
676 3626 811 3676 nunquam
836 3627 878 3660 me
902 3612 1018 3662 inimicis
1043 3611 1205 3678 prodidisset
1229 3611 1274 3662 vel
1297 3612 1425 3664 dedisset.
1491 3647 1492 3650 =

313 3682 349 3732 Et
367 3687 427 3749 post
452 3683 567 3747 spatium
591 3684 718 3748 temporis
742 3688 872 3733 venerunt
895 3683 930 3732 ad
955 3699 1046 3749 regem
1072 3698 1207 3750 paganum
1235 3699 1356 3734 sermone
1375 3686 1427 3734 ini·

314 3756 442 3804 micorum
467 3769 586 3804 meorum
611 3756 709 3817 nuncii,
734 3757 917 3820 promittentes
937 3757 988 3807 sibi
1008 3755 1071 3806 dare
1097 3757 1145 3806 sub
1171 3757 1342 3806 iureiurando
1361 3756 1425 3807 soli·

315 3827 407 3876 dorum
426 3841 565 3878 aureorum
583 3826 701 3877 modium
719 3825 836 3892 plenum,
855 3829 930 3878 sime
948 3827 1002 3879 iilis
1016 3828 1052 3878 ad
1070 3829 1279 3878 internecionem
1299 3829 1426 3880 dedisset.
1491 3831 1492 3870 i

315 3897 416 3959 Quibus
435 3915 488 3948 non
508 3901 676 3950 consentiens
701 3899 781 3948 dixit:
807 3900 880 3951 ‘Sine
900 3900 980 3952 dubio
1001 3902 1038 3951 dii
1057 3901 1138 3950 vitam
1164 3901 1313 3964 succidant,
1332 3903 1355 3952 si
1374 3901 1425 3952 hoc

314 3971 450 4034 piaculum
478 3971 548 4022 facio
576 3973 682 4022 irritans
709 3977 817 4036 pactum
845 3973 955 4023 deorum
983 3970 1117 4022 meorum'.
1163 3975 1223 4038 Ego
1242 3989 1306 4024 voro
1326 3979 1424 4040 quanto

315 4043 409 4106 magis,
433 4044 479 4106 qni
497 4044 584 4094 Deum
602 4060 694 4094 verum
715 4045 780 4107 scio,
806 4047 921 4096 animam
946 4061 1032 4096 meam
1055 4061 1102 4110 pro
1126 4047 1207 4096 totius
1232 4046 1324 4096 mundi
1348 4046 1424 4097 lucro

314 4115 343 4162 in
370 4113 547 4179 perditionem
575 4133 628 4168 non
657 4116 761 4166 dabor’
789 4117 865 4166 Tunc
892 4133 956 4168 vero
981 4123 1101 4167 sanctum
1124 4117 1281 4183 pontificem
1305 4124 1424 4169 nostrum

317 4191 343 4235 et
361 4202 423 4236 suos
448 4187 534 4238 socios
555 4204 614 4238 cum
639 4189 737 4239 honore
757 4194 784 4238 et
809 4189 930 4252 ducibus,
957 4191 1026 4238 sicut
1045 4205 1104 4239 sum
1123 4191 1254 4240 Dominus
1278 4191 1377 4256 ubique
1396 4193 1425 4242 in

315 4259 528 4323 peregrinatione
546 4266 689 4324 protegens
708 4260 896 4324 magnificavit,
923 4260 957 4310 ad
983 4261 1158 4327 apostolicam
1182 4263 1275 4314 sedem
1293 4263 1356 4314 olim
1377 4281 1424 4330 op-

313 4334 398 4382 tatam
417 4333 445 4381 in
463 4333 609 4396 gratiarum
627 4333 732 4383 actione
750 4333 861 4384 remisit.
898 4333 946 4387 BI.
