2994 4998
314 425 366 473 242
458 421 567 474 PAULI
586 419 759 472 HISTORIA
777 418 1109 472 LANGOBARDORUM.
1146 418 1217 470 LIB.
1236 419 1287 471 vi.

314 590 465 676 optenuit,
492 589 557 651 iam
585 595 687 652 aetate
713 596 856 650 maturus
883 586 977 649 huius
1005 585 1091 650 vitae
1112 606 1242 650 cursum
1269 585 1437 672 explevit;

314 694 493 772 corpusque
514 673 582 737 eius
596 672 631 734 in
650 669 784 735 basilica
803 667 889 733 beati
904 668 1038 733 Adriani
1060 671 1218 755 martyris,
1240 670 1298 735 ubi
1315 671 1437 734 eteius

264 759 267 768 “
313 768 438 844 gemtor
466 756 648 843 requiescit,
678 753 836 840 sepultum
867 761 923 816 est.
977 753 1053 818 Fuit
1085 763 1192 817 autem
1225 755 1277 818 vir
1310 753 1437 819 multae

313 865 348 906 ea
371 841 501 920 ientiae,
532 837 663 904 consilio
692 859 802 922 sagax,
824 837 915 923 pius⁸
936 836 1109 901 admodum
1131 848 1163 902 et
1182 838 1273 923 pacis
1295 848 1438 920 amator,

312 925 352 990 be
378 927 408 968 '¹’
433 931 638 1010 praepotens,
667 919 922 1007 delinquentibus
952 919 1100 1003 clemens,
1127 931 1243 1004 castus,
1275 922 1437 1008 pudicus,

314 1020 419 1075 orator
462 1008 530 1074 ervi
554 1008 584 1088 ',
606 1005 783 1072 elemosinis
800 1005 917 1090 lar'gus,
938 1003 1113 1070 litterarum
1155 1005 1264 1069 uidem
1286 1008 1437 1090 ignauus,

314 1094 412 1179 sedp
458 1113 536 1178 osop
560 1092 585 1154 's
607 1088 808 1175 aequandus,
836 1089 972 1152 nutritor
995 1089 1108 1174 gentis,
1134 1027 1247 1174 legum
1276 1111 1438 1174 augmen·
1487 1121 1489 1124 ·

313 1187 403 1243 tator.
446 1175 511 1240 Hic
531 1175 621 1238 initio
643 1195 676 1236 re
723 1173 730 1188 ‘
755 1173 804 1236 sui
818 1172 1039 1237 Baioariorum
1060 1171 1197 1259 plurima
1212 1182 1322 1238 castra
1338 1176 1436 1260 cepit,

312 1260 384 1348 plus
398 1281 523 1346 semper
543 1257 675 1322 orationi
698 1279 736 1320 us
758 1277 852 1343 quam
885 1257 981 1320 armis
1002 1255 1113 1334 fidens,
1140 1259 1282 1321 maxima
1303 1279 1437 1344 semper

314 1366 391 1410 cura
418 1344 615 1408 Francorum
636 1341 863 1426 Avarumque⁰
890 1362 1004 1427 paoem
1025 1342 1238 1406 custodiens1.

572 1446 734 1521 iunius
760 1445 913 1519 LIBER
939 1443 1138 1521 SEXTUS
1149 1461 1173 1522 ⁶.

313 1589 336 1643 a)
352 1592 406 1630 dccet
420 1589 471 1630 At.
517 1586 542 1639 b)
557 1588 680 1638 reliquata
695 1587 792 1636 Bitiam·
806 1590 920 1637 nequeunt.
966 1584 987 1637 o)
1004 1587 1059 1626 deest
1076 1586 1178 1636 Gba.c;
1195 1587 1346 1636 aliorumque
1362 1589 1433 1638 nasu

313 1649 336 1702 (i)
352 1650 383 1689 ita
393 1650 413 1688 Ε
431 1650 450 1688 1.
465 1649 484 1688 F
502 1649 527 1697 13
543 1647 646 1696 Explicit
660 1646 729 1686 ceteri.
805 1643 827 1698 s)
843 1646 871 1686 de
886 1646 982 1684 historia
997 1645 1200 1694 Langobardorum
1215 1647 1265 1685 add.
1282 1645 1302 1685 A
1322 1648 1344 1698 2,
1362 1651 1388 1687 et
1405 1649 1437 1687 ul·

313 1711 382 1750 timue
396 1707 508 1747 historiae
525 1707 600 1754 gentis
616 1704 680 1757 (dean
696 1706 713 1743 F
729 1702 752 1756 b)
768 1703 973 1752 Langobardorum
988 1704 1009 1743 D
1024 1704 1046 1746 4.
1062 1705 1081 1743 F
1097 1704 1118 1756 5,
1141 1706 1166 1744 iu
1181 1705 1280 1744 historia
1294 1705 1437 1755 Longobar-

314 1769 394 1809 dorum
410 1766 471 1806 edita
487 1776 501 1805 a
516 1765 590 1804 Paulo
605 1763 789 1812 historiographo
805 1764 834 1814 ii,
850 1774 917 1804 amen
932 1764 951 1803 E
968 1765 993 1813 i;
1008 1763 1131 1813 Hysteriae
1146 1764 1359 1812 Langobardorum
1377 1767 1438 1806 liber

313 1837 347 1872 γι,
371 1825 465 1874 explicit
486 1825 508 1863 D
526 1824 551 1872 ὅς
574 1823 676 1872 Explicit
690 1823 749 1862 liber
765 1825 842 1862 sextus
857 1822 924 1861 Pauli
940 1822 967 1861 de
983 1823 1053 1870 gestis
1068 1821 1273 1872 Langobardorum
1295 1823 1318 1862 D
1337 1824 1365 1874 53
1393 1825 1437 1865 Ex·

319 1882 417 1932 pliciuut
432 1885 498 1932 gesta
511 1881 715 1929 Langobardorum
730 1879 751 1920 A
766 1881 788 1920 4.
806 1902 832 1911 -
849 1881 876 1920 la
891 1880 912 1920 A
928 1882 940 1921 6
956 1881 1044 1930 teyttar:
1066 1881 1101 1920 Ab
1117 1881 1217 1922 adventu
1232 1881 1342 1931 Longob.
1360 1895 1436 1934 usque

317 1943 347 1983 ad
368 1953 453 1982 anuum
469 1941 547 1981 domni
563 1939 690 1980 Grimoaldi
705 1944 759 1980 suut
779 1941 834 1980 anni
857 1945 939 1982 ccxii.
967 1959 988 1969 -
1015 1940 1078 1982 Oadd.
1101 1939 1199 1980 Gi-b.
1222 1941 1243 1980 D
1261 1941 1309 1984 1.1
1329 1943 1342 1981 1
1360 1945 1436 1994 capita

316 2002 352 2043 52.
367 2006 386 2040 ct
401 2001 437 2044 58.
453 2009 522 2050 supra
538 1999 615 2039 omissa
631 1999 721 2038 addunt.

317 2094 344 2163 1)
364 2094 468 2148 Noutria
494 2094 586 2146 diebus
604 2093 769 2160 Liatpraudi
786 2093 855 2160 repis
875 2093 990 2144 tumulus
1008 2109 1062 2144 uon
1080 2093 1109 2144 in
1133 2093 1244 2146 basilica
1263 2095 1290 2145 d.
1310 2093 1436 2149 Adriani

313 2169 445 2236 martyris,
464 2175 493 2220 ut
511 2167 615 2218 Paulus
634 2165 676 2218 bic
701 2165 797 2228 scribit,
824 2166 871 2217 scd
888 2166 917 2216 ia
943 2167 1029 2218 auara
1052 2183 1075 2218 a.
1094 2167 1167 2219 Petri
1184 2169 1214 2218 ia
1234 2167 1310 2219 Ocelo
1339 2187 1435 2224 aureo.

314 2242 459 2309 Scriptores
483 2238 631 2292 liciatorium
650 2241 712 2292 iude
738 2239 895 2290 translatum
916 2247 1022 2304 puteat,
1046 2237 1124 2291 immo
1143 2239 1237 2292 iterum
1256 2241 1311 2292 hoco
1333 2253 1436 2295 motum

313 2315 429 2367 scribunt
447 2314 475 2364 ia
493 2314 584 2365 eadem
603 2312 713 2364 basilica
731 2312 817 2364 sancti
835 2310 920 2364 Petri:
942 2310 1039 2378 quippc
1058 2314 1119 2364 olim
1139 2315 1175 2365 ad
1200 2315 1352 2381 inpressum
1374 2335 1436 2368 con-

306 2388 435 2454 sessionis
448 2387 574 2439 columnia
593 2395 708 2454 quotuor
721 2384 856 2452 impositus
876 2384 1092 2451 conspiciebatur,
1112 2404 1184 2438 uuae
1197 2404 1257 2439 uero
1271 2405 1305 2440 ecc
1326 2389 1434 2442 decreto

313 2479 367 2514 sac.
386 2479 457 2514 coac.
476 2460 592 2512 Trideut.
612 2460 685 2511 humi
703 2467 802 2510 suetas
816 2466 877 2510 orate
891 2459 1043 2524 proximam
1063 2477 1139 2512 araus
1152 2477 1173 2512 a.
1194 2459 1323 2513 Scaeuino
1338 2463 1436 2516 Boetia

313 2536 438 2588 dicatam.
475 2533 551 2585 Haec
569 2531 606 2583 ibi
625 2533 720 2601 lepitur
739 2532 907 2599 epigraphes:

421 2607 533 2659 Flavius
552 2608 603 2656 boc
622 2606 723 2657 tumulo
742 2605 922 2672 Liutprandus
942 2605 1071 2669 conditur,
1090 2606 1153 2658 olim

421 2679 658 2746 Langobardorum
678 2695 725 2730 rex
742 2679 867 2744 inclytus,
886 2695 949 2729 acer
966 2681 994 2728 in
1016 2681 1096 2731 armis

420 2755 457 2806 Et
475 2750 547 2804 bello
566 2754 664 2817 victor;
684 2753 799 2804 Sutrium
819 2761 899 2818 atque
918 2753 1040 2803 Bononia
1059 2752 1163 2804 firmant

421 2827 482 2878 Hoc
502 2832 529 2876 et
547 2826 703 2892 Ariminum,
723 2841 828 2876 necnon
846 2826 947 2876 invicta
968 2824 1071 2892 Spoleti

421 2899 542 2960 Moenia3
562 2915 676 2964 namque
697 2899 749 2949 sibi
767 2900 835 2949 haec
855 2899 969 2950 subiecit
987 2899 1078 2950 fortior
1097 2901 1185 2950 armis.

421 2973 508 3023 Roma
525 2987 586 3022 suas
605 2973 675 3023 vires
693 2973 747 3021 iam
766 2971 869 3038 pridem
887 2972 939 3022 hoc
958 2971 1042 3022 milite
1061 2972 1143 3023 multo

422 3045 539 3096 Obsessa
558 3046 677 3110 expavit;
699 3044 817 3095 deinde¹¹
835 3050 967 3096 tremuere
986 3045 1090 3096 feroces

421 3118 512 3184 Usque
533 3118 668 3180 Saraceni,
689 3134 754 3183 quos
774 3118 884 3184 dispulit
901 3119 1023 3184 impiger,
1042 3119 1109 3185 ipso,

422 3190 488 3242 Cum
507 3195 657 3257 premerent
676 3191 776 3254 Gallos,
795 3191 893 3242 Karolo
912 3196 1039 3258 poscente
1059 3192 1157 3252 iuvari;

421 3264 552 3329 Ungarus,
572 3281 589 3314 a
608 3263 664 3315 solo
684 3264 735 3314 hoc
754 3263 859 3314 adiutus
878 3265 998 3315 Francus
1019 3271 1045 3314 et
1064 3281 1155 3316 omnes

419 3338 510 3388 Vicini
528 3343 606 3402 grata
625 3338 760 3402 degebant
778 3352 846 3403 pace
865 3353 912 3404 per
931 3353 1030 3390 omnes.

420 3411 495 3475 Rege
514 3411 562 3461 sub
582 3411 634 3461 hoc
651 3410 733 3473 fulsit,
754 3409 825 3476 qnod
841 3412 934 3461 mirum
955 3409 1003 3474 es't,
1023 3415 1117 3461 saneta
1134 3409 1313 3478 frequensque

420 3483 546 3548 Belligio,
564 3489 595 3534 ut
611 3483 733 3535 recolunt
750 3484 840 3550 Alpes,
860 3483 977 3535 ecclesia
995 3499 1106 3550 quarum

420 3558 497 3608 Hauc
516 3557 609 3608 babuit
623 3557 747 3608 vincente
766 3559 833 3624 ipso,
854 3562 880 3608 et
898 3555 1077 3623 praegrandia
1094 3555 1202 3623 templa,

421 3631 495 3692 Quae
514 3632 607 3681 vivens
626 3633 728 3694 struxit,
748 3631 842 3696 quibus
863 3635 890 3681 st
907 3631 1024 3682 famosus
1043 3631 1070 3679 in
1090 3630 1154 3680 orbe

421 3704 532 3770 Semper
551 3709 578 3754 et
597 3709 719 3754 aeternus
738 3702 861 3754 lustrabit
880 3703 988 3754 saecula
1008 3708 1111 3766 cuneta,

419 3777 567 3843 Praecipue
586 3777 666 3828 Petro
685 3776 794 3828 coelesti
813 3776 863 3826 hac
882 3776 947 3827 sede
966 3770 1075 3826 <licatab

421 3849 572 3914 clavigero,
591 3851 684 3900 statuit
701 3849 784 3900 Coelo
804 3864 882 3915 quam
901 3849 1027 3916 providus
1045 3847 1148 3912 Aureo;

419 3923 582 3988 Augustinus
602 3923 648 3973 ubi
666 3922 719 3972 huc
738 3922 845 3972 aliunde
865 3922 995 3973 abductus
1015 3921 1110 3972 eodem

418 3995 494 4061 Rege
512 3997 591 4058 iacet,
612 3997 686 4046 cuius
705 3994 826 4046 docmina
845 3995 960 4046 ecclesia
978 3993 1071 4060 fulget.
1109 3994 1156 4045 ΒΙ.

310 4062 419 4115 Edittua
438 4075 478 4142 est
493 4067 540 4119 boc
558 4065 729 4134 epitaphium,
747 4068 826 4118 multo
841 4074 1028 4133 postmortem
1047 4067 1101 4134 ejus
1112 4066 1322 4133 festmatione
1341 4086 1360 4119 a
1380 4069 1426 4121 st-

310 4134 396 4205 yeuio,
415 4138 457 4192 De
475 4157 554 4209 reyruo
575 4141 671 4193 Italiae
699 4141 742 4192 tio.
762 4139 817 4191 ΙΙΙ
831 4141 884 4203 (ed.
905 4141 997 4205 1691),
1010 4157 1043 4206 p.
1065 4141 1107 4203 71,
1128 4139 1201 4205 cujus
1220 4155 1268 4206 ope
1286 4143 1423 4206 quaedam

312 4211 455 4276 amadati,
475 4222 500 4265 et
522 4213 617 4281 troya,
638 4213 700 4265 dod.
717 4215 782 4279 dipl.
803 4213 854 4265 Na.
875 4214 937 4278 564,
957 4212 1010 4276 IV,
1024 4231 1055 4279 p.
1078 4213 1139 4266 135.

300 4318 333 4388 ¹a)
349 4320 457 4372 deinceps
471 4319 494 4366 S.
553 4320 578 4375 b)
593 4323 668 4363 locata
683 4323 706 4366 S.

685 4430 1037 4440 μ--Μ--κ
