2994 4998
260 353 312 400 200
414 347 524 400 PAULI
543 345 716 399 HISTORIA
736 343 1069 397 LANGOBARDORUM.
1107 345 1180 396 LIB.
1200 345 1233 395 V.

202 533 255 574 «80-
264 526 378 581 octavo
393 516 458 578 iam
469 535 551 578 anno
568 512 783 611 (luninoperta
794 511 895 575 filium
910 533 1003 575 suum
1014 513 1048 575 in
1058 513 1180 597 regnob
1196 521 1403 576 consortem

262 599 406 680 adscivit,
430 610 524 664 cumc
545 619 608 684 quo
630 606 749 682 panter
768 619 826 682 per
847 597 956 660 decem
979 617 1079 660 annos
1100 597 1258 681 regnavit

168 757 170 762 ,
346 684 396 748 36.
439 682 585 768 Cumque
606 683 640 744 in
660 702 777 769 magna
820 701 876 744 ace
898 679 1050 765 degerent
1064 688 1095 744 et
1115 702 1157 744 ex
1179 681 1268 744 omni
1290 688 1402 766 parte

262 767 451 832 incircuitu
472 763 730 866 tranquillitatem
751 703 914 846 haberent,
935 764 1075 828 surrexit
1093 773 1203 828 eontra
1217 785 1273 828 eos
1298 763 1403 827 filius

262 851 436 938 iniquitatis
465 849 596 914 Alahrsd
632 849 768 930 nomine,
798 870 857 934 per
884 869 978 934 quem
1005 848 1039 910 in
1067 869 1166 933 regno
1195 848 1402 933 Langobar-

263 936 385 1017 dorum,
418 933 604 1020 perturbata
617 944 744 1081 dpacet,
772 934 932 996 maximae
959 930 1149 1080 populorum
1176 931 1282 997 factae
1313 941 1403 995 sunt

265 1029 399 1103 strages.
431 1018 495 1082 Hie
518 1017 595 1081 dum
639 1017 703 1079 uxf
732 1027 815 1080 esset
842 1016 876 1079 in
897 1015 960 1080 Tre
984 1016 1112 1080 entinas
1134 1017 1279 1095 eivitate,
1313 1037 1401 1078 cum

265 1105 378 1170 comite
401 1102 623 1166 Baioariorum
631 1101 655 1182 ¹¹,
700 1123 774 1164 uem
799 1099 844 1163 illi
864 1100 1050 1184 gravionem
1079 1100 1198 1182 dicunt,
1221 1101 1279 1186 qui
1298 1100 1399 1164 Bau-

190 1228 194 1237 ·
265 1188 396 1260 nanumi
417 1183 589 1271 etreliqua
611 1122 738 1248 castdla
758 1183 900 1268 regebat,
922 1183 1066 1248 conflixit
1087 1207 1224 1270 eumque
1245 1183 1400 1248 mirifice
1476 1219 1477 1230 κ

265 1271 436 1357 superavit.
481 1270 554 1350 Qua
576 1269 615 1333 de
644 1289 741 1332 eausa
769 1267 885 1350 elatus,
914 1269 1010 1333 etiam
1032 1279 1142 1333 eontra
1162 1291 1272 1354 regem
1287 1290 1401 1332 suum

264 1355 422 1420 Perotarit
436 1375 567 1417 manum
588 1353 706 1417 levavit
720 1361 816 1439 atque
839 1353 895 1416 se¹⁴
910 1353 992 1417 intra
1006 1352 1250 1417 Tredentinum¹
1266 1351 1395 1417 castel-

264 1439 332 1504 lum
353 1437 509 1504 rebellans
532 1437 749 1502 communivit.
795 1435 912 1501 Contra
934 1458 1031 1522 quem
1051 1459 1110 1502 rex
1130 1437 1288 1501 Peretarit
1339 1457 1398 1498 ro-

265 1545 403 1608 gressus,
427 1544 500 1585 eum
528 1534 629 1585 eum¹¹¹
658 1521 856 1585 extrinsecus
883 1520 1057 1602 obsideret,
1086 1521 1247 1606 inopinate
1276 1459 1400 1584 subito
1476 1577 1477 1598 ξ

265 1605 376 1670 Alahis
406 1627 479 1686 cum
508 1605 574 1668 suis
603 1606 754 1669 civitaten
791 1625 955 1688 egressus,
987 1607 1073 1689 regis
1102 1614 1205 1668 eastra
1232 1605 1400 1690 protrivit

264 1711 438 1775 regemque
466 1689 572 1786 ipsum
599 1687 710 1772 fugam
738 1697 866 1773 petere⁰
890 1687 1039 1774 conpulit.
1083 1689 1148 1768 Qui
1169 1699 1276 1752 tamen
1296 1698 1397 1774 post

265 1774 405 1855 modum,
427 1772 584 1836 lamentet
607 1770 832 1856 OunincpertO,
853 1773 937 1857 regis
958 1770 1033 1854 filio,
1055 1773 1110 1857 qui
1125 1795 1199 1836 eum
1219 1773 1285 1835 iam
1308 1770 1401 1838 olim

266 1857 427 1942 diligebat,
450 1857 485 1919 in
512 1879 546 1920 re
570 1857 597 1918 is
618 1857 775 1919 Peretarit
801 1857 937 1940 gratiam
964 1878 1110 1920 reversus
1137 1869 1193 1922 est.
1238 1857 1303 1936 Qui
1329 1879 1396 1920 rex

267 1963 341 2004 cum
367 1963 441 2004 eum
470 1879 646 2004 interdeere
673 1937 862 2025 aliquotiens
883 1938 1013 2021 vellett,
1044 1939 1287 2027 Ouninopertus,
1317 1941 1394 2003 eius

267 2023 360 2106 filius,
392 2023 453 2088 hoo
482 2024 552 2087 fieri
584 2045 709 2110 semper
741 2024 892 2109 proibuit,
919 2034 1070 2110 reputans
1097 2047 1170 2089 eum
1195 2024 1235 2088 de
1259 2022 1393 2108 reliquo

267 2107 394 2173 fidelem
410 2108 562 2190 existere3
585 2130 644 2172 neo
660 2107 799 2172 destititr
820 2117 944 2194 patrem
960 2109 1112 2193 optinere,
1135 2109 1213 2195 quin
1234 2109 1335 2172 etiam
1358 2109 1391 2172 ei

268 2191 420 2257 ducatum
445 2191 601 2257 Brexiae³
631 2190 860 2274 contribueret,
888 2190 1081 2256 reclamante
1109 2193 1236 2278 saepius
1265 2201 1361 2276 patre
1369 2196 1392 2274 t,

269 2277 355 2363 quod
369 2278 402 2340 in
418 2297 507 2340 suam
522 2276 583 2340 hoo
599 2274 797 2362 Ouninopert
809 2276 985 2361 perniciem
1006 2275 1133 2359 faceret,
1156 2277 1212 2362 qui
1225 2275 1310 2340 hosti
1326 2297 1388 2339 suo

267 2361 309 2426 ad
335 2361 534 2446 regnandum
557 2361 640 2424 vires
666 2359 843 2445 praeberet.
893 2359 1053 2423 Brexiana
1080 2359 1239 2446 deniqueu
1271 2359 1390 2423 civitas

266 2457 437 2530 magnamt
481 2467 607 2530 semper
641 2442 797 2506 nobilium
830 2442 1114 2527 Langobardorum
1147 2442 1389 2508 multitudinem

266 2529 386 2612 habuit,
430 2549 544 2592 uorum
565 2526 685 2590 auxilio
703 2525 865 2591 metuebat
881 2527 1158 2594 PerotaritAlahis
1173 2528 1388 2613 potentiorem

266 2613 365 2678 foi-er.
432 2614 457 2676 's
479 2610 592 2676 diebus
613 2633 672 2675 rex
689 2611 845 2675 Perotarit
858 2611 892 2674 in
912 2611 1041 2678 civitate
1058 2612 1219 2677 Tieinensi
1239 2620 1388 2696 portam¹

267 2698 450 2782 contiguam
463 2693 590 2781 palatio,
613 2716 694 2780 quae
709 2703 740 2760 et
753 2692 964 2759 Palatiensisr
979 2696 1104 2779 dieitur,
1120 2706 1234 2782 operez
1249 2694 1388 2760 mirifico

269 2781 456 2847 construxit.

154 2887 196 2942 ‘a
212 2891 261 2932 ιω.
353 2865 420 2928 *at
464 2862 529 2942 Qui
552 2883 626 2925 eum
646 2862 760 2927 decem
782 2873 813 2927 et
835 2872 907 2927 ooto
928 2884 1028 2927 annos
1038 2874 1060 2945 ³,
1088 2873 1120 2928 et
1141 2864 1280 2950 primum
1299 2861 1384 2927 solus

270 2958 301 3013 et
315 2948 408 3033 postt
421 2967 494 3010 cum
508 2943 574 3008 filio
581 2958 602 3026 ⁰,
625 2968 761 3030 regnum
782 2948 962 3029 tenuisset1,
985 2947 1025 3011 ab
1040 2947 1101 3011 hae
1115 2947 1187 3012 luce
1202 2945 1383 3012 subtractus

269 3107 292 3159 a)
306 3109 338 3146 ua
361 3105 382 3145 A
398 3109 418 3147 1.
436 3107 456 3149 3.
478 3108 504 3149 F.
529 3105 561 3157 G;
586 3107 698 3157 cunipert
719 3110 739 3148 A
756 3111 782 3158 23
813 3109 994 3160 Guninrpertum
1020 3110 1078 3161 (tl;
1101 3112 1129 3161 af.
1144 3123 1167 3161 p.
1193 3112 1235 3152 179
1258 3123 1281 3156 n.
1296 3123 1311 3150 u
1326 3117 1345 3150 et
1359 3124 1381 3152 x.

270 3165 293 3218 b)
310 3176 405 3213 regnum
422 3165 472 3205 Al.
488 3166 538 3206 na.
599 3166 619 3219 e)
634 3178 686 3206 eum
704 3191 729 3198 -
746 3170 851 3216 regnavit
866 3173 885 3206 et
900 3179 989 3218 sequena
1004 3181 1051 3218 cap.
1068 3183 1109 3210 om.
1126 3168 1187 3212 A't.
1247 3169 1270 3222 d)
1286 3171 1382 3210 Huluhis

271 3227 308 3264 tou
322 3225 367 3262 toro
384 3226 403 3264 A
421 3228 440 3266 1,
457 3227 474 3265 F
492 3227 511 3277 l,
525 3230 601 3275 postea
616 3225 709 3276 Althis3
726 3227 836 3266 Haluohis
853 3226 900 3268 (tl.
917 3228 938 3267 D
956 3229 975 3266 1.
992 3229 1049 3279 E15
1066 3230 1148 3269 Haleis
1164 3229 1185 3269 A
1201 3232 1226 3280 23
1242 3229 1307 3270 Aleis
1322 3229 1343 3268 A
1358 3231 1382 3279 63

269 3283 363 3323 Alaehis
386 3283 407 3322 D
425 3287 445 3325 1.
470 3283 490 3324 G
507 3285 527 3336 t,
549 3285 588 3324 atti
601 3285 732 3336 plerumque.
808 3283 830 3337 e)
847 3286 902 3325 deaut
922 3286 943 3326 A
960 3289 984 3335 13
1007 3298 1062 3337 quae
1076 3295 1197 3338 requeratur
1220 3310 1247 3320 -
1270 3292 1383 3328 tentorum

269 3342 433 3384 beneficiorum
448 3340 476 3394 (e.
494 3342 530 3394 88)
547 3345 589 3385 des.
608 3344 629 3385 G
645 3347 665 3396 1,
685 3345 743 3394 sotto
759 3345 834 3386 uacuo.
903 3343 993 3398 fldeest
1010 3346 1027 3386 G
1043 3350 1063 3387 1.
1128 3347 1152 3399 g)
1168 3349 1200 3387 tta
1215 3347 1235 3386 A
1252 3349 1271 3386 1.
1288 3347 1309 3388 4.
1324 3347 1344 3386 D
1362 3349 1381 3388 1.

269 3403 288 3442 F
305 3404 325 3442 1.
343 3401 363 3442 G
379 3402 400 3444 2.
415 3403 441 3453 4;
458 3402 528 3444 Trud.
545 3403 565 3443 A
582 3405 609 3452 23
624 3405 687 3445 Trld.
704 3405 774 3444 ceteri.
793 3427 818 3434 -
835 3405 954 3445 civitatem
969 3404 989 3445 G
1007 3407 1026 3446 2.
1101 3404 1125 3457 h)
1142 3417 1193 3446 eom
1210 3407 1316 3446 commite
1329 3407 1383 3445 Bal·

270 3461 386 3501 duriorum
403 3461 423 3502 G
439 3464 459 3502 2.
518 3461 535 3514 i)
551 3463 685 3502 Pauzanum
702 3464 727 3505 G.
742 3464 775 3513 D;
790 3465 945 3514 Baptizsnum
963 3464 1013 3506 Gt.
1029 3467 1050 3504 4.
1109 3464 1134 3518 k)
1150 3467 1212 3506 intre
1228 3476 1253 3506 se
1268 3465 1316 3506 1³1.
1333 3463 1381 3506 Gt.

270 3517 289 3571 l)
304 3520 336 3559 tta
352 3519 372 3560 A
388 3521 408 3563 8.
423 3522 441 3560 F
459 3522 480 3564 1.
497 3521 516 3560 G
534 3523 554 3564 2.
572 3544 589 3550 --
614 3525 712 3562 castrum
728 3523 749 3562 A
764 3521 796 3564 ⁸3.
813 3524 835 3562 s.
903 3523 935 3576 m)
952 3535 979 3564 eo
996 3524 1016 3564 G
1032 3526 1052 3566 3.
1067 3526 1089 3564 4.
1157 3523 1182 3576 n)
1199 3523 1347 3564 ciuitatemtt
1363 3526 1382 3564 1.

271 3579 292 3620 G
307 3575 337 3620 ·5.
361 3580 400 3618 11
425 3580 471 3633 (uti
493 3579 631 3630 ingressus);
655 3581 683 3621 de
699 3593 717 3622 c.
734 3593 754 3622 e.
779 3583 800 3622 D
817 3583 837 3624 s.
921 3582 943 3634 o)
960 3587 1048 3633 peteret
1070 3584 1089 3623 A
1106 3585 1126 3623 1.
1207 3581 1232 3634 p)
1249 3584 1303 3622 deut
1326 3581 1381 3625 Gt,

270 3635 295 3690 q)
310 3639 423 3679 voluisset
437 3640 478 3681 11.
538 3637 558 3690 r)
575 3639 663 3680 desistit
677 3639 829 3691 Al.-apud
844 3645 932 3691 patrem
948 3642 997 3694 As,
1013 3654 1023 3681 e
1038 3654 1094 3683 corr.
1112 3643 1163 3683 Dl.
1180 3643 1229 3695 Pl,
1245 3647 1263 3682 et
1279 3642 1383 3681 naraon·
1475 3641 1476 3650 ¹

270 3699 300 3740 D.
318 3698 338 3738 G
354 3698 420 3739 tue.
443 3698 497 3748 12;
520 3701 613 3748 epatre
630 3710 649 3740 o.
672 3699 692 3739 A
708 3697 738 3740 ⁹3.
813 3698 832 3751 s)
849 3702 910 3750 apud
925 3702 1022 3742 Brextus
1046 3701 1068 3744 ei
1084 3702 1105 3744 d.
1130 3699 1151 3740 A
1167 3701 1189 3741 t.
1264 3699 1283 3753 t)
1299 3705 1382 3750 putrem

272 3765 316 3814 que
332 3756 353 3797 G
369 3759 388 3800 2.
443 3754 467 3808 u)
482 3767 537 3797 vero
553 3757 634 3798 Dus.
688 3756 711 3808 v)
728 3769 812 3807 magna
827 3760 847 3799 A
864 3761 884 3800 1.
902 3759 923 3800 G
938 3762 959 3802 8.
974 3761 986 3800 Ι
1002 3762 1022 3800 2.
1075 3761 1105 3812 w)
1120 3761 1194 3802 forem
1210 3761 1228 3800 F
1246 3763 1266 3803 l.
1320 3758 1342 3812 x)
1356 3761 1382 3799 tn

271 3818 317 3857 eod.
335 3816 376 3857 Gt
392 3818 429 3856 toa
444 3817 490 3856 toro
500 3816 559 3866 sotto
574 3817 687 3864 desinente,
703 3829 792 3866 aequem
806 3818 868 3857 valde
884 3824 913 3858 eat
928 3820 1048 3859 mutilatum
1053 3832 1060 3871 ,·
1073 3824 1124 3870 post
1139 3820 1197 3869 quod
1209 3821 1280 3870 ptura
1292 3829 1381 3871 promes

272 3876 393 3915 aeciderunt
407 3886 475 3925 usque
489 3877 519 3915 ad
538 3875 572 3923 VI,
593 3877 619 3925 ὃς
642 3875 663 3916 G
678 3877 706 3916 tta
728 3878 778 3916 tneo
793 3878 910 3928 astupet,
922 3880 1002 3928 priora
1016 3890 1067 3919 uero
1092 3902 1117 3910 —
1141 3889 1224 3919 exosos
1236 3878 1333 3919 habebat
1345 3877 1382 3931 (V,

273 3933 310 3985 88)
327 3935 402 3974 omtstt.
463 3934 487 3986 y)
504 3935 657 3975 Pelatlnensis
674 3934 691 3975 G
708 3936 772 3975 1-3.
789 3936 809 3974 D
828 3938 849 3975 1.
866 3939 886 3977 tt.
902 3937 914 3977 1
932 3942 957 3987 15
979 3938 1105 3980 Puttlensis
1121 3939 1142 3978 D
1157 3934 1234 3979 'aas
1257 3939 1290 3991 (tn
1304 3949 1381 3986 natur

272 3993 310 4032 vel
325 3991 473 4043 Putatensts).
489 3994 514 4043 ις
530 3994 671 4034 Plutinensts
686 3995 704 4033 F
722 3995 747 4042 23
762 3995 892 4036 Plueisnsts
907 3993 969 4047 F't;
991 4008 1034 4047 quo
1050 3998 1079 4038 ad
1093 3997 1231 4037 Putatiensts
1247 3997 1303 4046 A23
1319 4007 1338 4045 q.
1352 3997 1380 4035 ud

272 4051 409 4092 Palmensis
430 4051 452 4090 A
467 4053 487 4092 6.
562 4051 583 4105 a)
600 4055 654 4093 deest
670 4051 689 4092 A
706 4054 726 4094 3.
786 4051 808 4104 a)
825 4055 856 4095 itu
872 4055 892 4095 A
909 4058 934 4106 15
956 4057 1023 4097 annis
1038 4058 1057 4097 P
1075 4059 1095 4109 1,
1118 4056 1188 4096 ceteri.
1248 4055 1273 4108 b)
1288 4059 1381 4105 postmo-

273 4112 327 4150 dum
342 4109 362 4149 A
378 4107 409 4150 ¹5.
470 4108 490 4161 e)
504 4111 520 4150 t.
535 4121 576 4151 suo
592 4113 644 4153 Du.
660 4112 681 4152 3.

276 4247 305 4316 1)
325 4248 387 4300 Non
407 4256 444 4299 est
462 4247 512 4298 sibi
530 4257 651 4300 constans
670 4249 773 4301 Paulus
791 4249 820 4301 in
839 4250 977 4303 Berturidi
997 4252 1065 4320 repis
1084 4251 1163 4303 annis
1182 4247 1379 4310 munerandis5
1474 4293 1475 4320 ,

275 4321 436 4375 antecedenti
447 4319 544 4388 quippe
557 4340 614 4389 cap.
629 4323 672 4373 35.
687 4324 773 4375 decem
786 4333 811 4376 et
823 4333 918 4390 septem
930 4325 1029 4389 tribuit,
1048 4325 1089 4379 tta
1102 4326 1189 4379 decem
1201 4331 1226 4376 et
1238 4332 1303 4376 octo.
1332 4325 1377 4374 Bl.
