2994 4998
316 435 370 484 214
459 433 569 485 PAULI
589 432 762 486 HISTORIA
782 431 1117 485 LANGOBARDORUM.
1155 431 1227 482 LIB.
1248 434 1299 488 VI.

315 611 373 667 est.
415 602 555 687 Moxque
584 601 753 666 subsecuta
781 600 988 686 gravissima¹
1015 600 1113 686 pestis
1143 610 1192 664 est
1218 601 1324 666 tribus
1357 625 1450 666 men-

317 686 423 768 sibus,
450 685 510 749 hoc
540 695 587 749 cst
608 683 699 767 Iulio,
720 685 868 769 Augusto
896 694 927 748 et
949 683 1163 768 Septembri03
1192 693 1351 770 tantaque
1387 687 1449 750 fuit

316 768 483 834 multitudo
505 770 741 849 morientiumt,
770 778 805 832 ut
833 769 929 832 etism
958 778 1105 854 parentes
1136 790 1209 831 cum
1238 767 1314 832 filiis
1346 781 1448 918 aigne

315 855 427 918 fratres
443 875 516 917 cum
531 853 700 926 sororibus,
721 851 790 916 bini
811 874 869 937 per
889 851 1004 916 feretra
1018 853 1124 938 positi,
1147 863 1225 938 aput
1246 853 1369 918 urbem

315 961 401 1001 mam
416 937 458 1000 ad
473 937 639 1022 sepulchra
660 936 859 1000 ducerentur.
903 935 977 999 Pari
999 938 1095 1000 etiam
1123 936 1219 1000 modo
1240 936 1323 1000 haec
1346 939 1446 1022 pesti-

316 1021 413 1086 lentia
434 1023 581 1085 Ticinum
603 1042 730 1106 quoque
751 1017 944 1106 depopulata
966 1030 1023 1102 est,
1045 1021 1089 1083 ita
1104 1030 1147 1102 ut,
1171 1021 1295 1084 cunctis
1313 1021 1445 1087 civibus

316 1129 374 1192 per
394 1107 471 1190 iuga
485 1105 640 1169 montium
655 1128 711 1168 seu
749 1127 783 1168 er
800 1103 926 1167 diversa
945 1104 1016 1166 loca
1037 1103 1244 1188 fugientibus,
1266 1106 1302 1168 in
1324 1106 1400 1169 foro
1416 1117 1446 1170 et
1490 1145 1491 1164 ι

316 1213 375 1276 per
389 1187 509 1275 plateas
525 1189 662 1252 civitatis
679 1187 736 1251 her
760 1197 844 1251 acet
865 1187 1018 1250 frutectab
1033 1198 1247 1252 nascerentur.
1280 1189 1445 1276 Tuncque

316 1272 484 1339 visibiliter
498 1272 604 1336 multis
619 1273 778 1359 apparuit,
801 1273 876 1357 quia
890 1271 1013 1335 bonusc
1029 1281 1061 1335 et
1074 1271 1177 1336 malus
1192 1271 1327 1358 angelus
1343 1285 1446 1338 noctu

316 1381 374 1444 per
388 1358 572 1421 civitatemd
593 1365 776 1442 pergerent,
799 1367 830 1420 et
851 1377 892 1418 ex
912 1356 1020 1419 iussu⁰
1042 1356 1119 1420 boni
1136 1355 1240 1441 angeli
1263 1356 1374 1421 malus
1391 1381 1445 1422 an-

317 1441 416 1528 gelus,
450 1442 505 1528 qui
537 1440 706 1506 videbatur
737 1438 932 1503 venabulum
957 1440 1074 1502 manus
1105 1439 1197 1522 ferre,
1220 1442 1376 1526 quotiens
1405 1442 1444 1506 dc

318 1524 474 1590 venabulo
505 1523 643 1589 hostium
670 1525 898 1608 cuiuscumque
923 1522 1036 1587 domus
1069 1527 1292 1608 percussisset,
1324 1535 1378 1589 tot
1408 1526 1445 1591 de

317 1609 429 1672 eadem
456 1607 550 1672 domo
573 1608 624 1672 die
648 1631 681 1672 se
704 1609 792 1671 uenti
812 1607 957 1670 homines
978 1609 1152 1672 interirent.
1195 1609 1287 1672 Tunc
1310 1610 1444 1673 cuidam

317 1713 376 1778 per
400 1690 647 1757 revelationem&
709 1693 802 1754 ctum'
826 1701 883 1773 est,
917 1691 1003 1776 quod
1031 1693 1128 1776 pestis
1156 1693 1228 1777 ipsa
1280 1693 1350 1758 rius
1380 1716 1446 1758 non
1490 1693 1491 1734 l

340 1779 503 1858 uiesceret,
531 1798 627 1874 quam
655 1776 689 1838 in
713 1773 866 1840 bassilicall
895 1776 982 1840 beati
1012 1777 1098 1840 Petri
1124 1798 1205 1861 quae
1233 1715 1278 1840 ad
1300 1777 1445 1842 Vincula

317 1798 435 1923 dicitur
453 1871 556 1924 sancti
571 1858 751 1923 Sebastiani
772 1862 921 1944 martyris
943 1858 1090 1924 altarium
1112 1862 1308 1958 ponereturi.
1361 1861 1444 1925 Fac-

316 1953 448 2030 tumque
471 1953 532 2025 est,
556 1953 587 2008 et
608 1942 720 2007 delatis
742 1942 800 2007 ab¹¹
821 1944 900 2007 urbe
921 1944 1024 2008 Roma
1044 1945 1130 2009 bean
1150 1944 1336 2010 Sebastiani
1359 1969 1445 2010 mar-

316 2029 395 2114 tyris
424 2027 576 2113 reliquiis,
603 2029 696 2091 moxl
718 2028 752 2090 in
772 2029 837 2090 iam
859 2027 971 2092 dictam
992 2025 1125 2092 basilica
1150 2028 1297 2095 altarium
1322 2033 1444 2094 consti-

315 2122 420 2177 tutum
442 2122 498 2193 est,
520 2113 640 2197 pestisn
661 2113 733 2198 ipsa
755 2112 904 2197 quievit².

202 2199 239 2256 ‘a
257 2205 307 2246 1⁶⁷·
400 2199 448 2262 *6.
491 2197 564 2260 Rex
584 2219 659 2260 vero
683 2196 899 2280 Ounincpert⁰
921 2195 998 2258 dum
1037 2204 1086 2258 ost
1106 2193 1186 2260 haec
1208 2217 1281 2259 cum
1304 2206 1444 2262 stratore

316 2303 383 2362 suo,
407 2281 484 2380 quit
505 2279 615 2364 lingua
636 2281 767 2366 propria
788 2277 986 2365 ‘marpahis'a
1032 2279 1133 2360 citur,
1155 2279 1325 2343 consilium
1346 2283 1445 2346 iniret

316 2365 350 2429 in
371 2365 516 2429 sinister
531 2365 702 2445 Ticinensi,
725 2363 884 2448 quomodo
900 2361 1077 2426 Aldonem⁸
1100 2375 1131 2427 et
1146 2361 1351 2429 Grausonem
1375 2369 1443 2431 vita

317 2449 442 2598 privare
472 2447 617 2514 deberet:
646 2450 795 2532 repentet
816 2448 850 2510 in
870 2446 1016 2528 fenestra,
1050 2447 1140 2510 iuxta
1168 2470 1265 2532 quam
1287 2451 1444 2515 consiste·-

340 2543 410 2614 ant,
443 2555 507 2596 una
536 2531 576 2595 de
598 2529 780 2595 maiusculis
811 2553 922 2594 musca
943 2530 1098 2615 consedit,
1122 2553 1218 2616 quam
1241 2531 1445 2682 (lunincpert

318 2615 443 2680 cultello
458 2625 494 2680 ut
515 2617 715 2699 extingueret
735 2624 900 2700 percutere
921 2613 1039 2695 volens,
1063 2617 1131 2678 eius
1152 2625 1299 2680 tantumu
1323 2640 1366 2702 pe
1393 2641 1445 2682 em

318 2701 463 2764 abscidit.
506 2698 591 2763 Aldo
613 2721 689 2763 vero
712 2708 743 2762 ct
766 2698 891 2763 Grauso
915 2699 992 2763 dum
1014 2698 1056 2762 ad
1078 2698 1231 2785 palatium
1252 2722 1287 2764 re
1314 2703 1341 2764 is
1367 2724 1443 2767 con-

318 2783 425 2848 silium
456 2783 634 2847 nescientes
673 2784 831 2863 venirent,
868 2804 941 2846 cum
973 2782 1124 2848 basilicae
1163 2785 1263 2847 suncti
1289 2723 1442 2850 liornani

318 2867 483 2952 martyriS,
514 2888 594 2951 quae
622 2879 745 2951 propev
773 2867 926 2952 palatium
956 2868 1016 2930 sita
1038 2876 1093 2950 est,
1129 2869 1440 2954 propinquassentw,

317 2960 448 3036 repente
464 2951 509 3013 eis
525 2950 658 3015 obvius*
680 2950 811 3036 quidam
834 2950 964 3014 claudus
979 2971 1043 3014 uno
1060 2950 1143 3038 pede
1164 2962 1309 3016 truncato
1333 2954 1441 3019 factm

319 3094 341 3146 a)
358 3095 496 3134 merentium
511 3095 530 3133 F
547 3097 567 3134 1.
585 3093 606 3134 G
622 3095 678 3134 1-3
695 3094 760 3148 (corr.
778 3096 926 3136 morientium
943 3095 964 3136 G
981 3098 1000 3136 1.
1017 3094 1048 3147 2).
1108 3096 1132 3148 b)
1148 3095 1260 3136 fructecta
1275 3096 1296 3136 A
1314 3099 1335 3139 2.
1354 3099 1377 3140 8.
1398 3101 1442 3140 cl.

318 3155 347 3193 D.
365 3153 386 3194 G
403 3155 422 3193 1.
439 3154 464 3203 43
480 3154 590 3193 fructecta
605 3165 661 3193 corr.
678 3153 789 3194 fructecta
804 3156 822 3192 F
840 3157 860 3195 1.
929 3152 994 3209 clm.
1011 3159 1034 3195 et
1049 3155 1069 3194 b.
1091 3155 1117 3194 F.
1135 3155 1161 3200 G,
1230 3155 1253 3207 d)
1270 3157 1369 3198 civitate
1387 3160 1406 3198 F
1423 3162 1442 3199 1.

318 3211 340 3264 e)
356 3213 419 3252 iusso
435 3209 492 3253 0⁸1.
552 3211 680 3264 umanum
695 3215 714 3253 F
729 3216 749 3254 1.
767 3213 817 3254 Gl.
835 3214 854 3252 2.
872 3210 902 3252 ⁸3.
964 3211 988 3265 g)
1004 3215 1151 3255 revelacione
1165 3208 1213 3256 P'l.
1272 3214 1296 3267 h)
1313 3216 1441 3258 basilicam

318 3270 339 3311 A
355 3272 375 3312 2.
392 3271 413 3311 G
429 3272 464 3313 tta.
479 3272 500 3310 4.
561 3269 578 3323 i)
595 3277 735 3321 ponerentur
752 3271 772 3312 G
789 3274 810 3312 1.
827 3273 848 3312 2.
865 3269 894 3313 't.
962 3271 987 3322 k)
1003 3275 1058 3312 deest
1073 3273 1094 3312 A
1110 3274 1130 3312 2.
1198 3272 1215 3326 l)
1233 3284 1288 3314 mox
1302 3279 1329 3314 ut
1354 3277 1382 3317 G.
1409 3280 1441 3326 D3

319 3342 373 3374 mox
388 3335 413 3370 ut
428 3332 453 3370 in
468 3331 489 3373 d.
505 3343 562 3371 corr.
579 3341 633 3370 mox
648 3332 673 3371 in
688 3331 781 3382 suprad.
797 3331 808 3370 Ι
826 3333 845 3371 1.
916 3327 948 3382 m)
965 3332 1049 3372 dictem
1066 3331 1086 3372 G
1102 3333 1137 3372 ts.
1153 3333 1176 3372 4.
1196 3353 1217 3362 -
1244 3334 1367 3374 basilicam
1385 3338 1405 3376 F
1422 3340 1442 3378 1.

319 3390 340 3430 G
355 3391 390 3430 sa.
407 3391 428 3431 4.
502 3388 526 3440 n)
543 3393 603 3439 etp.
620 3390 638 3428 F
654 3393 676 3430 4.
695 3390 727 3438 G;
743 3392 822 3438 sicque
838 3401 863 3440 p.
877 3391 896 3429 B
915 3392 949 3432 la.
1024 3389 1047 3443 o)
1065 3391 1176 3441 cunipert
1191 3391 1212 3431 A
1228 3394 1248 3432 i.
1265 3394 1290 3441 ὃς
1311 3393 1443 3445 Cuniepert

317 3449 374 3498 D13
390 3449 417 3498 cs.
433 3459 502 3498 supra
515 3460 539 3498 p.
557 3451 599 3488 200
614 3460 637 3489 u.
654 3459 676 3488 s.
736 3448 759 3500 p)
775 3444 842 3498 duem
858 3449 912 3498 ΑΞ)
929 3460 997 3498 quem
1015 3473 1039 3481 -
1057 3451 1137 3490 dicunt
1153 3451 1252 3503 (fingunt
1267 3451 1336 3503 Gsss)
1354 3451 1442 3495 Aua.

316 3510 344 3549 B.
361 3509 388 3548 Ε,
405 3509 431 3548 F.
448 3507 480 3557 G;
496 3519 560 3548 wasa
577 3507 597 3548 G
612 3508 633 3559 4,
656 3509 699 3548 des.
715 3508 735 3546 L
751 3511 771 3547 1.
790 3530 816 3539 -
840 3509 943 3556 lingnam
965 3509 984 3547 F
1002 3512 1021 3548 1.
1096 3511 1120 3564 q)
1135 3509 1203 3549 itaA
1219 3511 1239 3552 θ.
1255 3511 1281 3550 E.
1297 3511 1324 3552 F.
1343 3511 1364 3552 G
1383 3517 1404 3553 1.
1422 3518 1441 3554 2.

317 3569 372 3616 ΙΙ)
395 3565 703 3616 numunianum
728 3567 864 3620 (marphslis
880 3569 900 3606 D
919 3567 950 3618 3).
965 3569 999 3618 H3
1025 3569 1225 3618 marphaiss113
1249 3571 1345 3610 marinis
1362 3571 1387 3612 G
1404 3573 1442 3623 5⁰5

317 3627 433 3676 morphais
449 3624 470 3665 G
485 3628 526 3674 δας
551 3625 650 3674 marpsis
666 3625 686 3664 A
702 3627 723 3668 4.
738 3627 766 3668 B.
782 3627 807 3668 Ρ.
825 3626 852 3676 53
875 3627 985 3666 marthais
1001 3629 1021 3668 A
1037 3628 1064 3676 Ξῖ
1089 3629 1203 3667 marachis
1221 3627 1241 3668 G
1257 3628 1298 3678 δα)
1323 3630 1351 3678 cf.
1368 3642 1443 3682 supra
1487 3635 1488 3648 ¹

315 3697 340 3734 p.
357 3685 384 3724 91
400 3696 423 3725 u.
440 3694 461 3725 0.
507 3681 526 3734 r)
542 3684 659 3725 civitatem
677 3685 695 3724 G
713 3687 732 3725 1.
752 3708 777 3715 -
794 3686 916 3726 'Plcinense
932 3687 951 3725 A
968 3687 988 3727 2.
1036 3684 1054 3737 s)
1071 3685 1290 3728 AidoneB1.F1.
1337 3687 1356 3739 t)
1374 3701 1441 3741 repe·

317 3747 380 3784 tento
396 3741 417 3782 A
434 3745 454 3786 2.
520 3740 544 3794 u)
560 3744 615 3782 deest
631 3744 649 3782 B
667 3745 687 3784 1.
705 3766 731 3774 -
752 3745 822 3794 pedes
838 3745 856 3783 F
874 3747 892 3786 1.
909 3744 930 3784 G
947 3747 967 3786 1.
984 3747 1005 3787 2.
1072 3744 1094 3796 v)
1112 3747 1198 3796 quippe
1213 3747 1231 3785 F
1249 3749 1267 3788 1.
1337 3745 1367 3798 w)
1386 3761 1440 3799 pro·

317 3805 453 3852 pinqussset
467 3800 488 3840 A
505 3803 524 3843 1.
542 3803 562 3842 2.
578 3804 597 3842 B
615 3803 636 3841 1.
653 3803 672 3842 F
682 3805 701 3843 1.
720 3802 768 3844 Gl.
786 3805 806 3854 2,
823 3805 880 3852 quod
895 3804 919 3842 ia
934 3805 1046 3854 archetypo
1056 3805 1130 3852 fuisse
1144 3806 1240 3854 videtum
1256 3806 1442 3854 ingrederentur

319 3862 340 3902 G
355 3861 396 3911 5a;
411 3862 559 3910 ingrederent
575 3860 596 3901 G
611 3861 645 3903 tc.
706 3859 730 3912 x)
748 3863 840 3902 obvium
856 3863 876 3902 A
893 3864 913 3904 2.
930 3864 948 3902 F
965 3867 986 3905 1.

320 3959 348 4026 1)
367 3961 411 4010 Eu
431 3959 463 4010 G.
477 3967 552 4025 pout.
569 3962 586 4012 l.
606 3961 623 4011 l.
646 3989 682 3998 -
708 3961 910 4015 deducerentur.
988 3962 1016 4028 2)
1041 3963 1218 4016 Ticiueusium
1243 3983 1332 4017 rerum
1351 3966 1438 4033 scrip-

319 4042 386 4084 tores
400 4049 452 4083 uno
466 4051 509 4084 ore
529 4041 658 4097 usserunt,
680 4053 700 4086 s.
717 4033 880 4086 Damiuuum
900 4037 1055 4102 episcopum,
1076 4054 1151 4103 quem
1159 4040 1245 4103 paulo
1265 4048 1325 4090 aute
1345 4050 1439 4092 uester

317 4105 477 4168 memorauit,
497 4123 517 4158 s.
531 4107 656 4173 martyris
669 4109 796 4173 reliquias
813 4126 829 4158 a
842 4109 960 4160 Romano
976 4111 1102 4178 pontifice
1115 4112 1268 4176 impetrasse
1282 4121 1305 4163 et
1324 4114 1439 4165 solemni

313 4196 423 4244 pompa,
443 4187 524 4230 erecto
543 4181 571 4230 iu
595 4181 650 4246 ejus
679 4182 800 4233 honorem
819 4183 908 4246 ulturi,
933 4183 962 4234 iu
991 4182 1099 4235 ecclesia
1117 4201 1139 4235 s.
1158 4184 1232 4236 Petri
1260 4186 1296 4236 ud
1323 4186 1437 4238 uincula

319 4253 464 4312 collocasse,
493 4252 584 4304 addito
609 4261 675 4317 uolo,
700 4272 750 4320 quo
778 4271 805 4306 se
828 4256 975 4322 clerumque
1001 4256 1156 4315 adstriuait,
1181 4267 1210 4308 ut
1229 4259 1312 4310 tribus
1338 4259 1434 4311 diebus

319 4334 380 4377 aute
392 4327 493 4392 festum
510 4327 620 4392 ipsoque
630 4329 702 4392 festo
722 4326 765 4378 die
784 4327 920 4394 episcopus
940 4347 998 4380 cum
1021 4332 1097 4392 clero,
1123 4330 1279 4383 solemnibus
1304 4333 1434 4385 iustitutis

320 4397 563 4466 supplicationibus,
584 4401 717 4452 accederet
736 4419 815 4452 sacru
826 4402 965 4468 secturus.
1003 4406 1051 4455 BI.
1160 4405 1163 4412 ’
