3040 5014
378 408 488 459 PAULI
507 407 680 460 HISTORIA
698 407 1032 462 LANGOBARDORUM.
1245 409 1260 460 7

152 575 224 662 plus
245 575 381 644 lectione
403 597 499 662 quam
521 574 603 657 cibo,
625 596 711 640 nuno
724 574 921 661 singulorum
941 575 1139 641 considerare
1160 575 1194 639 in
1215 575 1260 640 di-

151 661 251 725 versis
280 659 393 726 officiis
423 658 543 742 studia,
571 680 657 724 nuno
686 660 832 745 gravium
859 661 924 724 iam
953 661 1040 725 senio
1062 681 1120 725 seu
1140 658 1260 746 langui-

153 743 275 827 dorum,
320 743 457 808 uomodo
480 745 550 830 quis
574 765 614 808 ue
634 741 748 827 valeat,
769 743 950 832 perdiscere
971 765 1092 826 causas,
1113 764 1198 808 nunc
1219 741 1261 808 ad

152 829 252 893 instar
339 829 351 892 i
376 826 517 914 paradisi
538 767 653 892 dilecta
674 837 856 892 sanctorum
877 838 997 892 tererea
1017 827 1135 893 limina.

236 911 349 995 Orode,
372 920 463 998 pater
484 920 516 977 et
537 911 673 993 domine,
696 912 791 976 crede
812 933 902 976 sacra
916 922 948 976 et
962 911 1152 977 venerabilis
1196 910 1260 976 hal-

150 994 243 1079 lanx,
266 994 332 1060 solo
354 997 428 1061 mel
443 996 559 1060 affectu
572 994 817 1078 misericordiae,
840 994 914 1060 solis
958 996 1062 1062 ietatis
1082 934 1259 1082 precilusr,

152 1079 227 1144 solis
252 1081 377 1146 animae
404 1079 457 1144 hic
484 1076 678 1165 profectibus
704 1078 747 1144 ad
772 1088 899 1165 tempus
928 1018 1084 1161 deteneri3
1117 1089 1148 1143 et
1174 1079 1261 1166 quod

151 1163 201 1228 his
223 1174 271 1229 est
291 1162 442 1250 amplius,
465 1161 649 1249 tranquilli‘¹
670 1164 770 1228 nostri
790 1165 876 1249 regis
897 1173 929 1228 ct
955 1162 1075 1228 domini
1096 1172 1260 1248 potestate.

153 1246 303 1320 Ceterum
326 1248 582 1334 quamprimum
602 1246 733 1312 valuero
755 1257 787 1312 et
812 1246 890 1312 mihi
918 1246 998 1312 caeli
1017 1248 1177 1312 Dominus
1203 1269 1261 1333 per

151 1332 241 1418 pium
263 1332 440 1417 principem
461 1341 588 1396 noctem
609 1333 760 1396 maeroris
785 1333 929 1418 meisque
951 1332 1086 1417 captivis
1107 1332 1184 1430 iuga
1204 1331 1261 1394 mi-

152 1417 252 1480 seriae
267 1414 438 1498 demiserit,
454 1416 480 1484 si
495 1425 602 1480 tamen
617 1415 916 1503 quomodocumque
927 1413 1163 1480 clementissim1
1177 1415 1261 1500 prin·

152 1499 232 1584 cipis
243 1497 417 1563 iocundum
429 1499 560 1586 quivero
572 1501 705 1564 emereri
715 1501 916 1585 permissum,
930 1521 1007 1564 mox
1018 1498 1060 1563 ad
1069 1509 1177 1562 vestra
1188 1519 1260 1562 con·

152 1583 258 1664 sortia,
267 1581 496 1648 nullaaliavita
504 1583 619 1647 comite
628 1582 774 1648 detentus
784 1581 1137 1670 occasione,repedabo.
1148 1580 1261 1646 Nullae

151 1689 212 1746 me,
229 1667 356 1749 credite,
369 1665 508 1748 divitiae,
520 1665 606 1732 nulla
616 1666 738 1753 predia,
749 1665 836 1732 nulla
846 1666 1011 1732 flaventis⁰
1025 1665 1144 1732 metalli
1158 1665 1260 1751 copia,

149 1749 255 1816 nullus
268 1748 483 1837 quorumlibet
493 1751 623 1815 affectus
634 1773 654 1815 a
664 1752 791 1816 vestros
801 1759 950 1838 potenmt
960 1773 1106 1838 separare
1115 1748 1260 1834 collegio.

233 1834 281 1899 Te
301 1835 425 1920 itaque,
447 1842 538 1919 pater
559 1833 758 1918 dulcissime,
780 1857 917 1921 vosque,
940 1857 958 1899 o
981 1834 1134 1898 carissimi
1155 1843 1261 1918 patres

150 1927 182 1983 et
202 1919 325 2000 fratres,
347 1917 480 2004 inploro,
501 1940 560 2004 pro
581 1941 633 1984 me
656 1919 803 1984 continue
818 1920 1038 1986 beatissimum
1060 1938 1261 1982 communem

150 2013 274 2089 patrem
302 2011 334 2067 et
384 2011 580 2088 receptorem
608 2024 741 2090 poscere
768 2002 945 2089 dignamini
971 2001 1197 2083 Benedictum,
1225 2009 1262 2065 ut

151 2087 217 2152 suis
239 2107 258 2148 a
281 2085 326 2150 ud
409 2087 504 2151 ‘stum
526 2085 675 2152 obteneat
687 2088 818 2168 meritis,
839 2098 875 2152 ut
888 2109 940 2152 me
956 2087 1139 2172 quantotius
1154 2084 1261 2170 digne-

149 2180 202 2234 tur
215 2108 348 2235 reddere
365 2169 468 2234 vcbis.
512 2170 614 2258 Spero
636 2193 654 2236 e
677 2170 785 2235 uidem
806 2173 840 2235 in
860 2171 933 2234 Deo
955 2179 1072 2252 nostro,
1095 2170 1151 2256 qui
1171 2190 1261 2232 num-

152 2277 249 2341 quam
275 2254 309 2317 in
339 2252 432 2318 bonis
454 2255 574 2340 patitur
594 2194 759 2320 desideriis
782 2277 976 2353 quemquam
1001 2253 1151 2334 fraudari,
1176 2250 1263 2349 quod

150 2361 202 2403 me
225 2338 401 2404 secundum
429 2336 604 2402 anhelantis
630 2339 693 2402 mei
714 2338 819 2402 cordis
841 2338 1033 2402 desiderium
1054 2335 1147 2399 vobis
1169 2343 1261 2398 c1t1us

141 2423 296 2494 ¹restituat
325 2443 398 2486 curn
428 2442 568 2506 congruo
596 2420 711 2485 fructu.
765 2419 970 2507 Superfluum
995 2418 1087 2484 vobis
1119 2417 1261 2498 aestimo,

151 2515 188 2570 ut
209 2504 377 2569 effundatis
398 2525 510 2588 preces
537 2525 596 2590 pro
617 2505 733 2568 nostris
755 2504 890 2568 dominis
916 2524 1089 2590 eorumque
1110 2500 1261 2582 exercitu,

152 2589 305 2668 seribere,
329 2609 403 2651 cum
425 2588 540 2670 sciam,
568 2609 626 2652 vos
647 2589 679 2650 in
700 2587 761 2652 hoc
782 2589 852 2674 ipso
875 2609 1000 2673 semper
1020 2587 1180 2667 insistere3
1202 2605 1260 2669 pro

152 2673 269 2736 domno
289 2669 356 2734 ills
370 2669 496 2753 abbate,
518 2671 600 2736 sicut
614 2679 645 2736 et
666 2670 778 2753 facitis,
801 2672 963 2738 Christum
978 2670 1149 2757 deposcite,
1172 2669 1261 2732 cuius

151 2755 204 2820 hic
231 2757 280 2820 sin
304 2752 385 2818 ulari
410 2764 483 2840 post
510 2753 720 2841 principalem
741 2755 991 2820 munificentiam
1013 2754 1147 2818 'nutrior
1167 2751 1355 2838 largi-·p.1r.

151 2850 224 2904 tate.
268 2777 372 2903 'lanta
392 2837 480 2920 mihi,
502 2839 665 2922 carissimi,
688 2849 792 2906 vestra
812 2838 887 2904 illuc
909 2840 1001 2926 copia
1022 2838 1145 2919 existit,
1167 2846 1212 2918 ut,
1234 2836 1261 2900 si

150 2922 258 2988 vellim
278 2945 336 2988 vos
358 2920 559 3008 singulariter
586 2945 787 3008 nuncupare,
819 2933 886 2989 tota
913 2923 994 2988 haec
1019 2921 1134 2987 vestris
1162 2920 1261 2984 nomi-

150 3005 244 3071 nibus
266 3007 386 3094 pagina
405 3028 471 3070 non
491 3007 593 3092 possit
606 3006 761 3072 sufficere.
804 3006 898 3073 Unde
913 3004 1102 3092 generaliter
1116 3002 1263 3069 omnibus

150 3101 183 3157 et
204 3101 280 3178 opto
307 3101 339 3156 et
360 3091 465 3155 scribo
493 3089 641 3174 salutem,
672 3092 857 3172 obsecrans,
887 3100 1008 3155 utnon
1030 3088 1263 3155 obliviscamini

150 3176 223 3240 mei.
260 3174 307 3238 Te
328 3196 414 3256 vero,
436 3175 481 3238 mi
503 3173 630 3240 domine
652 3185 684 3240 et
704 3173 893 3240 venerabilis
915 3173 1014 3256 abba,
1041 3195 1097 3239 seu
1120 3173 1263 3272 quicum-

152 3260 237 3346 queh
260 3281 307 3341 es,
337 3280 442 3323 nonne
469 3280 526 3344 pre
551 3259 645 3341 osite,
697 3269 765 3341 eto,
792 3269 829 3323 ut
849 3257 926 3322 mihi
948 3257 1044 3323 scribi
1071 3257 1194 3321 famatis
1223 3253 1263 3319 de

149 3351 257 3408 vestra
277 3342 475 3428 fratrumque
498 3280 615 3425 salute,
642 3281 695 3407 veIl
722 3341 831 3430 quales
860 3341 952 3407 vobis
980 3341 1103 3407 fructus
1132 3360 1263 3439 presens

151 3449 253 3491 annus
280 3424 442 3509 adtulerit;
472 3436 571 3512 utq'ue
598 3428 723 3492 eorumi
755 3426 888 3492 fratrum
917 3426 995 3490 mihi
1020 3425 1163 3510 dirigatis
1190 3445 1263 3486 cum

151 3507 335 3576 nominibus
356 3531 534 3593 numerum,
580 3511 614 3574 ui
634 3509 802 3575 mundanis
824 3511 912 3576 exuti
932 3508 1067 3575 vinculis
1088 3509 1264 3592 migrarunt

151 3595 194 3659 ad
217 3593 389 3658 Christum.
431 3593 515 3658 Nam
535 3533 689 3694 piurima
711 3594 828 3659 obiisse
856 3593 969 3677 audi03
999 3592 1055 3659 sed
1076 3589 1263 3656 nominatim

153 3679 317 3743 nonnum&
338 3676 395 3759 ill,
445 3679 496 3760 ui,
525 3701 553 3742 s1
580 3701 654 3743 vere
674 3679 719 3742 ita
745 3686 808 3760 cst,
837 3678 901 3742 mei
928 3677 1032 3742 cordis
1057 3683 1180 3762 partem
1200 3693 1265 3737 non

152 3761 314 3827 modicam
335 3700 464 3826 absurlb
485 3783 603 3827 secum.
640 3761 729 3844 Vale,
750 3772 842 3848 pater
863 3763 1070 3844 sanctissime,
1093 3767 1124 3826 et
1143 3778 1264 3823 memor

153 3869 224 3912 esse
246 3845 378 3993 dilgssare
399 3844 488 3910 filioli
509 3846 564 3911 tui.
1139 3880 1142 3886 ·

288 3951 340 3993 am
361 3927 481 3996 fluebat
502 3929 625 3994 decima
646 3927 685 3994 de
706 3951 814 3994 mense
836 3928 974 3994 dieculal
995 3928 1077 4008 Iani,

271 4013 416 4099 Margine
438 4013 477 4079 de
499 4015 618 4079 vitreae
640 4035 715 4078 cum
736 4036 807 4078 sum
828 4013 949 4078 directa
969 4010 1129 4078 Mosellae.
1197 4038 1200 4044 ·

273 4096 356 4162 (lum
377 4107 467 4184 patre
489 4096 639 4163 mellifluo
660 4097 772 4162 fratres
794 4098 860 4162 sine
882 4097 945 4162 fine
966 4096 1084 4162 valete!

151 4261 175 4316 a)
192 4265 278 4302 terrere
293 4274 310 4303 c.
346 4260 370 4314 b)
387 4270 438 4301 mea
453 4271 470 4300 c.
500 4258 521 4310 c)
537 4259 569 4299 ito
583 4261 677 4309 corrasi,¹
693 4261 795 4311 patribus
810 4271 839 4310 e.,·
855 4261 981 4300 visceribus
997 4259 1046 4302 Lab.
1084 4260 1107 4311 d)
1123 4254 1266 4308 tranquilla?

150 4319 176 4372 e)
192 4321 290 4362 labentis
306 4332 360 4361 corr.
377 4320 482 4360 navortii
498 4330 515 4360 e.
551 4317 642 4369 overe
662 4331 680 4360 c.
712 4317 735 4371 g)
749 4330 792 4369 pro
807 4320 893 4358 nomine
907 4320 1008 4368 positum.
1039 4317 1063 4370 h)
1080 4326 1224 4368 quocumque
1240 4325 1264 4354 es

151 4382 246 4422 nomine
254 4393 276 4432 p.
285 4381 374 4432 ΜΝ.
383 4390 403 4420 e.
411 4383 488 4430 mport
495 4378 705 4420 intersererem.
721 4376 817 4430 i)unum
826 4378 861 4418 a?
876 4377 999 4429 k)sortarse
1007 4379 1109 4421 nomill.
1124 4375 1238 4428 l)dslcola
1246 4385 1264 4414 e.
