3076 5004
263 433 373 486 PAULI
394 433 567 485 HISTORIA
586 434 920 488 LANGOBARDORUM.
960 439 1031 490 LIB.
1051 440 1102 492 III.
1190 441 1241 491 135

122 612 231 666 autem
253 612 330 667 ωηο
352 600 488 665 Autbari
509 601 667 666 iuvenalia
689 612 792 668 aetate
806 601 948 686 floridus,
972 613 1092 670 statura
1114 607 1241 690 decens,

123 685 260 750 candido
290 687 376 750 crine
405 685 554 770 perfusus
582 695 613 750 et
635 686 712 750 satis
732 687 864 751 decorus
886 700 1026 774 aspectu.
1070 691 1135 771 Qui
1155 712 1242 775 mox,

122 791 144 832 a
168 792 243 855 rege
266 778 413 834 comeatu
441 779 588 855 accepto,
622 771 683 834 iter
713 771 871 855 patriamb
901 773 1058 837 reversuri
1087 775 1244 860 arripiunt

123 853 228 939 deque
250 855 460 918 Noricorum⁰
481 852 597 917 finibus
618 852 802 918 festinanter
819 855 1007 922 abscedunt.
1050 858 1241 923 Noricorum

123 937 307 1022 siquidemd
330 935 506 1022 provincia,
533 959 629 1022 quam
649 937 871 1002 Baioariorum
893 939 1031 1026 populus
1058 941 1241 1026 inhabitate,

122 1021 221 1086 habet
251 1022 292 1086 ab
326 1021 463 1085 orienter
494 1021 706 1102 Pannoniam,
742 1022 782 1086 ab
819 1024 1003 1089 occidentef
1030 1025 1191 1108 Suaviam,
1223 1047 1243 1089 a

122 1104 257 1170 meridie
277 1104 433 1186 Italiamss,
456 1105 497 1169 ab
519 1103 695 1190 aquilonish
719 1127 795 1170 vero
821 1117 915 1191 parte,
933 1108 1091 1174 Danuviii
1114 1109 1243 1174 fluenta.

123 1187 226 1271 Igitur
240 1187 377 1253 Authari
399 1211 473 1252 cum
487 1189 551 1251 iam
596 1211 673 1274 rope
686 1189 799 1253 Italiae
821 1190 901 1256 fines
915 1193 1054 1258 venisset
1069 1215 1242 1280 secumque

121 1271 229 1335 adhuc
258 1273 313 1358 qui
346 1294 419 1336 eum
454 1212 677 1336 deducebantl
707 1273 873 1338 Baioarios
903 1275 1043 1359 haberet,
1078 1279 1180 1342 erexit
1209 1299 1243 1341 sa

125 1365 279 1441 quantum
295 1378 389 1440 super
403 1377 520 1441 equum
537 1359 588 1420 cui
604 1356 823 1440 praesidebat¹
870 1361 951 1424 otuit
972 1370 1002 1425 et
1016 1371 1082 1425 toto
1098 1362 1211 1424 adnisu
1221 1373 1242 1404 m

124 1438 346 1522 securiculam,
369 1452 454 1526 qua¹¹
469 1462 567 1504 manu
581 1442 736 1524 gestabat,
759 1442 792 1504 in
806 1382 953 1508 arborem
970 1466 1051 1529 quae
1067 1446 1244 1530 proximior

124 1521 236 1588 aderat
261 1523 334 1590 fixit
361 1546 496 1609 eamque
525 1523 623 1587 fixam
650 1523 787 1610 reliquit,
815 1525 977 1592 *adiciens
1007 1529 1085 1593 haec
1111 1529 1358 1614 insuper·p.110.

124 1607 267 1672 verbis0:
312 1606 455 1673 ‘Talemi
485 1607 620 1672 Authari
647 1608 771 1673 feritam
798 1609 926 1676 faceret
956 1611 1052 1677 solet’.
1097 1612 1244 1712 Cumque

125 1690 204 1755 haee
227 1691 370 1774 dixisset,
393 1700 470 1756 tunc
492 1690 716 1757 intellexerunt
737 1693 876 1756 Baioarii
892 1697 947 1781 qui
963 1718 1037 1760 cum
1059 1718 1097 1760 eo
1113 1705 1243 1761 comita-

123 1775 247 1856 bantur,
281 1798 354 1840 eum
394 1777 501 1860 ipsum
533 1798 642 1862 regem
673 1775 809 1840 Autbari
842 1801 921 1842 esse.
980 1781 1130 1866 Denique
1169 1790 1243 1866 post

124 1858 274 2008 ηΙίἮιοάΓ
303 1871 367 1924 tem
393 1882 444 1940 us,
475 1881 548 1924 cum
577 1870 709 1947 propter
742 1861 941 1926 Francorum
974 1864 1145 1930 adventum
1172 1886 1242 1948 per-

124 1945 263 2008 iuratio
287 1883 462 2009 Garibaldo
491 1945 559 2028 regi
588 1944 779 2025 advenisset,
802 1945 1031 2030 Theudeiinda,
1061 1950 1129 2012 eius
1151 1947 1243 2030 filias,

125 2049 198 2091 cum
221 2050 278 2092 suo
300 2049 452 2114 germano
474 2029 602 2092 nomine
630 2027 819 2093 Gundoaldt
841 2031 882 2094 ad
898 2029 1044 2094 Italiamll
1067 2031 1243 2118 confugiitv

124 2126 244 2198 saqueW
266 2113 438 2176 adventare
453 2111 588 2174 Authari
603 2125 678 2175 euo¹
693 2135 810 2197 sponso
825 2115 983 2179 nuntiavit
993 2129 1014 2177 ¹.
1059 2114 1121 2179 Oui
1136 2116 1243 2180 statim

124 2194 176 2260 ilie
203 2195 331 2260 obviam
359 2217 432 2258 cum
460 2216 578 2279 magno
607 2206 763 2280 apparatu
791 2199 920 2282 nuptias
947 2198 1188 2264 celebraturusl
1210 2201 1244 2262 in

125 2300 197 2342 cam
222 2291 294 2342 umz
340 2279 464 2359 Sardis,
511 2279 565 2364 qui
605 2301 702 2363 super
738 2281 921 2343 Veronam³
961 2292 1018 2362 est,
1062 2304 1242 2363 occurrens,

124 2301 277 2426 oandbmb
294 2363 416 2427 cunctis
431 2361 622 2426 laetantibus
637 2363 670 2424 in
686 2363 870 2448 coniugium
884 2363 960 2427 Idus
971 2365 1093 2428 Maiasc
1109 2367 1243 2450 accepit.
1280 2390 1338 2433 seor

125 2445 206 2509 Erat
233 2456 341 2510 autem
375 2456 451 2510 ωηο
488 2445 533 2508 ibi
561 2445 644 2508 inter
678 2455 800 2510 ceteros
829 2447 1115 2530 Langobardorum
1145 2449 1363 2512 ducale-1⁶·

126 2528 273 2614 Agilulftl
308 2529 374 2592 dux
410 2529 656 2592 Taurinensium
688 2530 834 2592 civitatis.
879 2532 951 2611 Quo
991 2533 1024 2594 in
1062 2531 1132 2596 loco
1171 2554 1245 2596 cum

124 2613 310 2699 perturbato
340 2635 414 2679 aare
440 2611 563 2696 lignum
591 2613 767 2699 quoddam,
802 2615 888 2698 quod
916 2616 950 2678 in
978 2637 1012 2679 re
1037 2616 1096 2679 iisr
1127 2617 1245 2702 sepiis²

125 2699 221 2760 situm
244 2707 320 2777 erat,
343 2719 415 2761 cum
439 2717 556 2781 magno
571 2697 783 2761 tonitruorum
797 2698 922 2782 fragore
937 2700 971 2762 vi
1063 2700 1124 2762 inis
1145 2701 1245 2764 ictum

125 2782 248 2863 fuisset,
281 2779 420 2846 habebat
451 2789 529 2844 ωηο
554 2779 680 2866 Agiluli
708 2781 867 2866 quendam
901 2781 940 2848 de
973 2785 1038 2847 suis
1065 2785 1246 2869 aruspicem

125 2888 277 2951 puerum,
306 2865 362 2950 qui
389 2887 448 2951 per
484 2871 584 2928 artem
614 2863 818 2948 diabolicam,
847 2866 924 2952 quid
952 2867 1091 2932 futurum
1119 2877 1246 2952 porten-

126 3071 149 3125 (ι)
172 3074 204 3112 ita
228 3073 248 3112 A
265 3075 284 3114 1.
303 3073 323 3112 2.
347 3068 448 3113 0*1.1.
483 3069 504 3110 G
519 3073 540 3112 2.
558 3071 579 3112 3.
603 3071 628 3120 4,
651 3071 754 3112 iubeneli
776 3072 835 3121 ΡΙ)
859 3073 940 3112 iuveni
963 3071 1024 3122 AS,
1054 3071 1153 3112 iuvenili
1175 3071 1244 3112 celeri.

125 3131 148 3183 b)
165 3133 275 3182 patriai*
293 3133 311 3171 1.
373 3129 394 3182 c)
411 3130 512 3178 indeque
529 3131 549 3169 G
566 3131 587 3171 2.
605 3129 624 3170 5.
644 3153 669 3160 -
685 3131 764 3172 Nuric.
780 3130 801 3170 G
818 3132 836 3170 2.
853 3132 873 3172 3.
890 3133 911 3182 4,
934 3136 952 3170 αι
968 3132 999 3170 ica
1012 3135 1095 3180 postea.
1156 3127 1179 3182 d)
1196 3132 1245 3180 qui·

125 3192 176 3231 dem
192 3192 217 3230 F.
236 3190 262 3231 G.
338 3187 360 3240 e)
378 3189 508 3230 inhabitant
522 3190 540 3228 F
558 3191 579 3230 1.
597 3188 617 3229 G
633 3189 654 3229 ³.
671 3191 696 3239 43
714 3201 775 3230 nune
790 3190 904 3230 inhabitat
918 3190 940 3228 D
956 3191 982 3239 43
999 3201 1060 3230 nunc
1076 3190 1164 3229 habitat
1179 3191 1200 3228 D
1217 3190 1245 3240 33

125 3261 173 3290 non
187 3249 276 3288 habitat
291 3251 311 3288 D
330 3251 354 3298 23
370 3249 515 3288 inhabitabat
532 3247 549 3288 G
566 3250 586 3286 1.
604 3250 623 3289 2.
642 3269 668 3277 -
685 3249 770 3288 habent
785 3249 833 3290 ΡΙ.
892 3246 910 3299 i)
929 3250 1041 3289 orientem
1059 3271 1085 3280 -
1100 3249 1245 3288 occidentem

125 3310 183 3358 1¹13
200 3309 357 3348 adorientem
373 3309 393 3348 A
410 3309 430 3348 3.
492 3305 515 3358 g)
532 3307 601 3346 italia
615 3308 663 3348 Fi.
724 3307 748 3358 h)
765 3308 870 3357 aquiloni
884 3309 938 3356 ΡΙ)
954 3308 1064 3356 aquilone
1080 3306 1130 3348 Al.
1149 3307 1243 3348 (sa-4.

125 3369 159 3408 12
175 3367 240 3420 (deest
255 3365 343 3417 partem
359 3367 489 3416 aquilonali
504 3367 545 3406 Fi
562 3377 572 3404 e
588 3377 645 3406 corr.
663 3363 726 3416 G‘53
743 3366 874 3415 aquilonari
890 3365 954 3408 Gis.
962 3367 984 3408 b.
993 3376 1012 3406 ο.
1073 3364 1091 3417 i)
1107 3367 1139 3405 ita
1155 3365 1175 3404 A
1185 3367 1204 3404 l.
1222 3367 1244 3405 2.

124 3427 146 3466 D
156 3428 182 3476 13
198 3426 300 3466 Danubii
316 3425 341 3469 G.
351 3427 371 3464 D
382 3428 402 3467 2.
411 3427 432 3466 3.
441 3427 466 3466 F.
484 3425 513 3466 G.
574 3423 598 3475 lr)
615 3426 677 3474 quod
691 3426 802 3465 Baioaria
816 3436 879 3464 nunc
896 3426 939 3464 asit
948 3422 975 3477 (i)
992 3425 1108 3474 provintie
1123 3425 1172 3466 add.
1183 3420 1244 3464 G'b.

124 3484 142 3536 l)
159 3484 311 3524 residebetA
327 3480 358 3526 ⁸3.
432 3483 463 3534 m)
481 3484 620 3524 adnisumr
639 3485 658 3522 1.
725 3482 750 3534 n)
767 3485 798 3523 itu
814 3483 834 3522 A
852 3485 870 3522 l.
886 3485 905 3524 B
923 3485 943 3524 2.
959 3484 980 3522 D
999 3485 1018 3522 1.
1035 3484 1053 3522 F
1071 3485 1090 3524 1.
1106 3483 1127 3522 4.
1145 3481 1165 3522 G
1182 3482 1201 3523 8.
1217 3483 1243 3532 43

126 3554 195 3592 quam
210 3544 278 3582 ceteri.
354 3540 376 3593 o)
393 3543 475 3584 verbus
492 3542 509 3582 G
527 3545 550 3592 13
573 3543 645 3583 verbe.
666 3541 687 3582 A
703 3541 723 3584 5.
740 3545 759 3583 Β
778 3543 848 3583 iai*
866 3543 953 3592 2113
977 3541 1049 3582 verba
1071 3541 1150 3580 dicens
1167 3540 1187 3580 G
1202 3540 1244 3597 ζὼς

126 3602 197 3642 verbe
211 3602 288 3642 verbis
305 3601 326 3642 G
342 3600 375 3641 bo.
421 3602 445 3652 p)
462 3601 520 3642 Tale
535 3602 553 3640 F
571 3603 591 3642 1.
637 3598 661 3652 q)
678 3601 798 3644 laceretis
815 3603 835 3642 1.
881 3599 901 3652 r)
918 3601 1007 3650 aliquid
1022 3600 1043 3640 A
1060 3601 1085 3649 23
1101 3601 1178 3648 aliquo
1194 3600 1242 3642 ri.

127 3659 146 3713 e)
163 3660 268 3700 fllium?
287 3663 306 3699 i.
381 3657 399 3708 t)
417 3659 535 3700 Gundealt
555 3660 577 3699 D
595 3662 619 3709 13
643 3658 775 3701 GundoaIto
791 3661 812 3699 D
829 3661 854 3709 23
878 3659 1015 3700 Gundoaldo
1031 3661 1052 3698 D
1070 3660 1094 3708 33
1119 3657 1244 3699 Gunduald

126 3721 147 3760 A
163 3714 193 3762 ⁸3.
210 3719 231 3764 8.
245 3721 265 3759 B
283 3715 303 3760 2.
320 3719 339 3760 E
356 3720 376 3758 1.
391 3718 409 3757 li
427 3720 446 3757 1.
462 3719 484 3758 4.
501 3718 550 3760 G4.
567 3717 592 3768 53
610 3718 748 3760 Gunduueld
765 3719 820 3768 (tm
838 3719 953 3759 Guldoeld
967 3717 1030 3768 infra
1044 3718 1106 3757 semel
1121 3716 1175 3766 Gii;
1193 3715 1244 3757 Gai-

127 3779 230 3819 doeldL
247 3780 266 3817 1.
342 3771 452 3828 clitella
467 3778 485 3817 i·
502 3779 523 3819 1,
597 3777 621 3829 v)
638 3778 670 3818 ita
685 3777 706 3818 A
722 3780 743 3819 2.
759 3780 780 3818 D
798 3779 818 3817 1.
834 3778 852 3817 F
869 3779 894 3828 13
919 3777 1023 3826 coniugii
1038 3776 1059 3816 A
1076 3778 1096 3818 1.
1114 3775 1131 3817 O
1148 3777 1168 3826 1,
1191 3776 1250 3826 αῑὲἱς.

127 3838 262 3888 confugiunt
286 3837 341 3876 Μ.
366 3834 423 3876 Gi.
440 3836 462 3875 3.
477 3837 499 3877 4.
575 3834 605 3888 w)
621 3847 694 3886 usque
718 3835 787 3887 c‘1;
809 3847 882 3886 usque
906 3847 1003 3886 eamque
1020 3835 1037 3875 0
1054 3837 1073 3878 1.
1149 3832 1173 3886 x)
1189 3834 1246 3874 deest

127 3895 147 3936 A
163 3897 184 3938 3.
202 3897 227 3940 G.
242 3897 271 3935 D.
332 3893 356 3947 y)
374 3895 502 3935 celebratus
518 3905 575 3936 corr.
592 3895 638 3934 alia
652 3907 719 3936 manu
735 3897 891 3938 celebraturus
907 3897 957 3936 Al.
973 3897 994 3934 D
1006 3896 1029 3944 13
1046 3893 1176 3934 celebretur
1190 3894 1244 3944 ΡΙ)

126 3956 295 3996 celebraturum
309 3955 329 3994 F.
346 3957 371 4004 13
387 3955 418 3994 ad
432 3965 455 3998 n.
473 3954 636 3994 celebrandum
651 3955 670 3994 F
685 3955 707 3996 4.
726 3955 746 3996 G
762 3957 782 3995 2.
800 3957 820 3996 8.
836 3956 857 3994 4.
873 3951 903 3994 ’5.
920 3954 955 3995 iis.
972 3955 984 3993 Ι
1001 3955 1025 4003 1;
1042 3953 1071 3993 ad
1087 3964 1109 3992 n.
1126 3953 1243 3994 celebran-

127 4015 166 4054 das
184 4015 203 4055 G
219 4015 254 4056 5b.
264 4025 284 4056 ο.
344 4013 365 4064 z)
381 4015 468 4063 campis
484 4013 535 4053 aa.
596 4011 619 4064 a)
635 4015 728 4055 Verona
743 4014 853 4054 ΜΗ,
872 4012 921 4055 Gi.
938 4013 958 4052 8.
975 4013 997 4054 4.
1056 4009 1080 4063 b)
1098 4012 1178 4052 eedem
1193 4012 1242 4052 ΕΙ.

128 4072 148 4124 ο)
165 4074 258 4114 Martias
275 4084 332 4114 corr.
349 4072 423 4112 Maias
438 4074 457 4113 it
475 4074 501 4122 13
517 4071 575 4114 Mer.
591 4071 612 4112 G
627 4072 648 4111 3,
664 4073 686 4112 4.
755 4071 778 4124 (1)
795 4071 896 4120 Agilulit
912 4072 930 4112 A
949 4073 972 4121 25
988 4070 1079 4120 Agiloli
1092 4070 1112 4110 A
1128 4071 1148 4110 8.
1167 4069 1187 4112 G
1204 4071 1244 4121 5⁰3

124 4131 241 4181 Agilullnn
256 4132 278 4172 D
295 4133 316 4176 i.
332 4130 354 4184 8,
369 4131 415 4174 alii.
433 4152 458 4162 -
475 4131 641 4172 'l'aurlmmlum
657 4133 678 4171 D
695 4131 715 4170 8.
777 4129 799 4184 e)
816 4131 877 4180 regis
895 4129 916 4172 G
932 4131 953 4173 2.
970 4129 991 4172 3.
1006 4131 1026 4168 4.

131 4319 158 4384 1)
179 4317 219 4388 ί).
238 4317 352 4387 morey.
371 4335 392 4370 ο.
413 4319 457 4370 34.
496 4319 552 4370 ΒΕ.
628 4315 657 4384 2)
677 4319 704 4368 ἰη
732 4319 813 4384 regiis
838 4320 920 4386 septis
940 4339 975 4362 =
1004 4317 1073 4369 dane
1092 4317 1115 4367 le
1135 4317 1187 4366 clos
1206 4314 1244 4364 du

128 4390 183 4453 roi,·
201 4395 230 4444 in
250 4391 356 4444 clusura
375 4391 409 4443 de
429 4395 487 4460 ipso
506 4407 570 4460 rege
590 4393 671 4444 codex
691 4393 713 4442 i.
735 4393 760 4445 1.
797 4391 853 4444 ΒΕ.
