2994 4998
191 603 230 660 ’μ
248 609 298 651 1⁹0.

308 424 362 477 tis
566 421 713 476 OABMEN
732 423 782 472 DE
803 420 947 474 SYNODO
970 417 1166 470 Tlclunuse

558 589 760 655 *Sublimes⁸
782 599 870 653 ortus
891 589 925 651 in
946 587 1063 652 finibus
1084 585 1238 670 Europeb

473 675 543 738 Lan
567 674 749 738 'bardorum
770 671 875 756 regale
897 660 1056 757 prosapia,
1277 676 1289 710 ¹

472 781 531 823 rex
585 757 761 822 aribertus⁰
783 757 855 841 pius
877 766 909 820 et
930 753 1104 819 catholicus

472 841 681 906 Arrianorum
702 839 840 906 abolevit
860 839 1025 904 heresemd

472 935 504 992 et
525 926 730 990 christianam
750 923 846 988 fidem
867 922 942 988 fecit
964 929 1167 1000 crescere-i-

557 1033 684 1099 Subolis
705 1035 781 1097 item
802 1032 969 1098 Berthari⁸
991 1033 1025 1095 in
1046 1029 1161 1094 solium

472 1119 563 1205 regni
584 1118 744 1199 suffectus,
766 1117 908 1181 imitatus
929 1116 1074 1202 protinus

472 1200 619 1288 exempla
640 1201 748 1287 patris,
770 1200 812 1264 ad
833 1199 930 1264 fidem
952 1208 1134 1264 convertere

471 1285 625 1352 Iudaeosr
645 1285 720 1350 fecit
740 1283 967 1369 baptizandos,
994 1281 1121 1348 credere

473 1371 529 1457 qui
550 1379 754 1449 rennuerunt,
775 1366 916 1452 gladium
938 1388 1110 1453 peremere.
1133 1375 1168 1441 -i-

556 1477 658 1542 Tutor
678 1486 709 1541 et
729 1487 840 1558 rector,
862 1485 986 1540 amator
1006 1469 1166 1556 ecclesiae,

472 1583 492 1624 a
512 1561 725 1625 fundamentis
748 1569 949 1624 constructor
970 1557 1148 1640 coenobiis,

470 1643 526 1708 ubi
548 1654 579 1709 et
602 1643 720 1708 Christi
741 1643 918 1708 conlocavit
938 1641 1070 1708 famolas
1078 1643 1101 1684 ¹¹·
1111 1654 1131 1724 ¹,

472 1749 528 1792 sua
549 1727 701 1814 praefecit
720 1749 872 1812 germana
893 1727 1030 1813 egregia,

471 1812 558 1897 ipsas
580 1821 722 1875 materno
744 1832 852 1875 amore
875 1822 910 1876 ut
930 1820 1065 1895 regeret.
1090 1821 1123 1884 -ῐ-

509 1937 514 1946 ·
554 1921 680 1984 Tertius
701 1921 799 1985 immo
820 1925 936 2007 nepus¹
958 1920 1087 2008 adquek
1107 1919 1192 1984 filius

471 2027 530 2070 rex
552 2003 823 2090 Ouningperetus¹
846 2003 1034 2070 sublimatus
1056 2016 1199 2091 tempore

471 2088 623 2153 moderno
644 2099 748 2154 rector
767 2088 856 2153 fortis
877 2099 909 2153 et
929 2090 1101 2174 piissimus,

471 2172 604 2239 devotus
626 2172 722 2237 fidem
743 2171 946 2238 christianam
970 2171 1081 2255 colere,

470 2255 675 2322 ecclesiarum
696 2257 812 2320 ditator
833 2267 865 2321 et
886 2256 1003 2342 opifex.
1026 2267 1061 2334 -Ι-

555 2365 678 2430 Elietus
699 2376 793 2451 gente
815 2387 834 2428 a
856 2367 927 2431 Deo
949 2377 984 2432 ut
1004 2377 1128 2452 regeret

470 2448 780 2534 Langibardorumm,
803 2449 935 2515 rebelles
957 2451 1149 2536 conpescuit,

472 2530 555 2596 bello
575 2534 748 2631 prostravit
768 2532 893 2598 Alexo²
914 2535 1141 2620 nequissimo¹¹‚

472 2616 655 2681 semidnuta
675 2627 859 2702 nuncupata
879 2618 1000 2682 Metina

471 2698 571 2764 urbe⁰
592 2701 726 2786 pristino
748 2699 860 2766 decore
881 2702 1027 2768 restituit.
1046 2714 1082 2782 -1-

554 2809 677 2875 Exorta
698 2813 812 2874 scisma
832 2813 896 2876 iam
917 2813 1020 2897 prisco
1043 2811 1083 2877 de
1105 2821 1247 2898 tempore

470 2893 511 2957 ab
533 2891 678 2978 aquilone
699 2905 798 2979 parte,
819 2895 904 2960 unde
924 2895 1065 2981 pandere

471 2973 590 3040 malum
610 2978 643 3040 in
664 2986 748 3042 terra
768 2981 952 3043 universum
973 2979 1129 3066 propheta

472 3060 707 3125 vaticinandum
728 3062 829 3127 Isaias
851 3073 1039 3146 aceneres,

472 3141 528 3207 ubi
549 3145 705 3230 superbus
726 3145 874 3210 thronum
895 3145 1012 3212 cadens
1033 3146 1138 3234 elegit.
1158 3159 1194 3224 -i-

553 3255 664 3320 Fontis
685 3255 813 3321 labacro
834 3277 982 3342 recepere
1004 3257 1138 3340 similes,

471 3338 637 3404 nobiscum
659 3338 752 3403 simul
774 3340 962 3406 Trinitatem
984 3341 1112 3406 credere

470 3422 694 3521 Aquiligenses
716 3422 932 3490 dissedentesi
954 3425 1112 3510 synodum

471 3517 609 3592 qumta⁴,
632 3508 687 3593 qui
708 3515 793 3572 totus
815 3507 985 3574 concordat
1003 3531 1077 3573 cum
1099 3517 1237 3595 quanm,

469 3612 533 3654 una
553 3595 769 3676 tempnentes‘
790 3592 836 3656 rei
856 3591 934 3658 faeti
955 3594 1107 3657 omnium.
1139 3605 1173 3672 ÷

304 3768 326 3820 ι)
342 3769 451 3810 Sublimis
467 3771 488 3811 2.
555 3768 579 3821 b)
595 3771 703 3821 uuropsa
719 3773 740 3812 2.
807 3770 828 3824 c)
844 3773 979 3814 floribertus
996 3775 1017 3817 2.
1084 3771 1107 3824 d)
1124 3773 1224 3814 heresim
1240 3775 1263 3815 2.
1324 3773 1345 3826 a>
1364 3777 1430 3817 Ber·

303 3829 389 3868 tharith
404 3831 425 3870 i.
507 3826 624 3880 illudens
641 3831 661 3870 2.
742 3830 765 3883 g)
781 3833 886 3872 coenobii
902 3833 923 3874 ἱ.
1004 3831 1027 3884 h)
1042 3833 1141 3873 famulas
1158 3835 1177 3875 2.
1252 3831 1270 3884 i)
1287 3842 1364 3884 nepus
1384 3836 1425 3876 Be.

303 3886 328 3937 k)
346 3888 443 3936 atquet.
503 3885 521 3938 l)
538 3888 734 3930 conturbernia.
795 3889 826 3941 m)
840 3891 1044 3941 Langobardorum
1053 3893 1072 3932 i.
1124 3889 1149 3942 n)
1165 3891 1226 3932 Alex
1240 3893 1393 3940 iniquissimo
1404 3895 1428 3934 2.

305 3945 328 3996 o)
345 3946 397 3986 urbi
413 3949 433 3987 2.
508 3945 532 3998 p)
549 3949 638 3990 caconit
654 3949 674 3988 θ.
757 3946 781 4000 q)
796 3949 929 3991 lavachrum
953 3962 971 3993 r.
993 3951 1093 3992 similam
1109 3951 1129 3990 2.
1204 3948 1224 4002 r)
1241 3951 1384 3992 dissidentes
1401 3954 1428 3994 2.

305 4002 325 4055 s)
341 4005 416 4044 11111.
433 4007 453 4044 2.
513 4003 531 4058 t)
547 4009 674 4048 temnentes
691 4007 711 4048 2.

305 4151 334 4219 1)
355 4151 394 4219 tf.
413 4153 491 4205 Paul.
517 4153 609 4216 1634.
666 4153 695 4220 2)
714 4153 822 4208 dirachio
841 4158 913 4220 (isaac,¹
932 4158 966 4224 cf.
986 4157 1065 4210 Paul.
1091 4157 1121 4220 V,
1141 4159 1259 4212 38-41.
1324 4158 1354 4226 3)
1378 4161 1426 4214 De

303 4224 419 4277 Ieremia
436 4228 462 4290 4,
483 4227 508 4278 6.
532 4227 645 4295 ospitare
664 4227 783 4280 videtur:
812 4233 874 4297 quia
899 4231 997 4282 malum
1024 4247 1074 4298 ego
1100 4231 1206 4284 adduco
1226 4233 1260 4284 ab
1280 4233 1426 4300 aquilone.

304 4296 334 4363 4)
354 4296 392 4364 CJ.
412 4298 490 4350 Paul.
522 4299 567 4363 VI,
589 4302 632 4364 14,
658 4301 704 4366 qui
721 4301 754 4353 de
775 4304 875 4370 syuodo
905 4303 1035 4356 Tirineosi
1055 4321 1169 4370 proram
1196 4313 1272 4358 iacet.
1321 4305 1423 4375 Neque

303 4371 396 4424 Moesi
413 4389 496 4439 usqae
515 4371 592 4424 etiam
604 4373 697 4439 Hcsele
709 4371 739 4426 in
759 4376 852 4428 clama
864 4374 925 4428 utri
943 4375 1054 4429 editione
1067 4377 1122 4442 ejas
1135 4377 1424 4446 mentiouonfociunt.
