3076 5004
318 421 352 470 90
461 420 573 472 PAULI
592 419 765 472 HISTORIA
783 419 1120 473 LANGOBARDORUM.
1158 418 1231 471 LIB.
1250 419 1288 470 ii.

256 603 308 645 ⁵⁶⁹·
402 589 453 653 8.a
495 588 599 673 Igitur
625 588 719 651 euml
749 610 808 652 rex
837 585 958 652 Alboin
985 610 1060 652 oum
1088 589 1175 652 omni
1204 611 1262 652 suo
1290 588 1454 652 exercitu

317 669 470 758 vulgique
502 672 696 757 promiscui⁰
728 671 931 737 multitudine
957 671 999 736 ad
1024 680 1185 737 extremos
1209 670 1322 737 Italiae
1354 670 1451 736 fines

316 757 520 855 pervenisset,
542 765 683 820 montem
706 756 816 841 quiin
841 756 960 820 eisdem
985 755 1063 821 locis
1094 756 1253 842 prominet
1283 753 1453 838 ascendit,

316 840 463 927 rndeque,
508 847 581 902 rout
592 840 776 924 conspicere
798 840 911 926 potuit,
956 849 1057 905 artem
1071 838 1182 904 Italiae
1203 838 1452 925 contemplatus

315 932 373 988 est.
406 923 471 1004 Qui
508 945 599 987 mons
645 933 752 1008 ropter
764 923 855 1006 hano,
878 934 915 988 ut
928 863 1036 1005 Idrtur,
1048 945 1177 988 causam
1189 944 1230 987 ex
1241 945 1278 988 eo
1293 932 1451 1008 tempore

314 1029 406 1072 mons
421 1008 519 1092 Regis
543 947 723 1094 appellatus
744 1016 793 1071 est
804 1020 824 1070 ¹.
870 1007 1000 1088 Ferunt,
1022 1008 1056 1070 in
1076 1007 1137 1071 hoo
1158 1016 1266 1072 monte
1294 1005 1450 1072 bisontes

313 1092 396 1155 feras
423 1092 565 1156 enutriri.
607 1091 676 1155 Neo
697 1091 814 1154 mirum
827 1102 849 1172 θ,
879 1112 953 1155 cum
973 1112 1076 1218 usque
1102 1090 1184 1155 huss
1215 1091 1449 1155 Pannoniam&

315 1177 512 1261 pertingat²,
549 1197 631 1260 quae
661 1173 773 1238 horum
803 1175 1011 1240 animantium
1062 1175 1153 1240 ferax
1181 1183 1238 1240 est.
1285 1174 1446 1260 Denique

221 1282 259 1335 η).
269 1283 305 1324 rr.
314 1259 423 1325 retulit
436 1259 515 1322 mihi
537 1259 668 1345 quidam
690 1259 914 1324 veracissimus
930 1280 1043 1340 senex,
1072 1257 1150 1324 talei
1180 1262 1234 1323 *se
1257 1259 1379 1322 corium
1404 1259 1445 1321 in
1524 1323 1525 1336 ,

314 1342 375 1408 hoo
406 1353 513 1407 monte
547 1344 645 1406 occisi
677 1343 812 1408 bisontis
843 1343 978 1425 vidisse,
1007 1344 1040 1406 in
1073 1364 1135 1429 quo
1169 1341 1367 1430 quindecim,
1402 1351 1445 1406 ut

315 1427 435 1508 aiebat,
464 1427 617 1509 homines,
641 1448 722 1490 unus
743 1429 836 1492 iuxta
856 1425 953 1490 alium
975 1427 1152 1513 potuissetl
1175 1425 1302 1491 cubare.

253 1531 305 1572 sca
399 1512 446 1575 9.¹
495 1509 640 1596 Indeque
661 1509 781 1576 Alboin
802 1532 876 1574 oum
899 1511 1053 1575 Venetiae
1074 1509 1193 1593 fines³,
1227 1532 1309 1596 quae
1330 1510 1441 1594 prima

315 1603 364 1658 est
384 1593 495 1659 Italiae
516 1595 690 1680 provincia,
713 1596 781 1659 sine
803 1593 911 1681 aliquo
934 1593 1109 1676 obstaculo,
1131 1593 1213 1658 horr
1228 1604 1277 1659 eet
1298 1594 1439 1658 civitatis

314 1676 366 1742 vel
386 1679 492 1764 potius
508 1679 602 1743 castri
615 1677 854 1743 Parsimonia-⁴
874 1679 1027 1743 terminos
1045 1679 1214 1760 introisset,
1236 1677 1439 1764 perpendere

314 1802 337 1855 a)
352 1804 391 1844 boe
413 1816 459 1854 cap.
480 1807 615 1855 praecedenti
638 1806 759 1856 adjunpunt
781 1805 802 1844 A
819 1807 839 1847 2.
862 1806 884 1845 Η
901 1809 922 1846 1.
1002 1805 1026 1861 b)
1043 1806 1098 1844 decu
1115 1804 1135 1846 G
1152 1805 1172 1844 2.
1197 1825 1223 1834 -
1246 1815 1287 1844 rex
1302 1805 1358 1844 deest
1375 1803 1396 1844 G
1412 1806 1436 1845 4.

313 1863 335 1915 c)
350 1865 482 1914 promiscua
497 1863 528 1913 G3
549 1865 684 1915 promiscuit
699 1875 768 1905 sexus
784 1875 814 1906 m.
831 1865 849 1904 B
868 1867 888 1905 i.
960 1862 983 1915 d)
1000 1864 1046 1912 Qui
1070 1885 1097 1894 -
1120 1863 1250 1913 appellatus
1266 1864 1360 1904 enideo.
1376 1862 1395 1904 G
1413 1863 1435 1906 θ.

314 1922 336 1974 e)
353 1933 443 1962 murum
459 1922 479 1962 A
495 1925 517 1962 2.
585 1923 663 1972 i)boe
678 1925 697 1963 B
715 1925 740 1972 13
764 1923 793 1962 ad
815 1920 945 1972 O'ii4b3
967 1934 1053 1962 aarum
1068 1923 1089 1962 D
1107 1925 1133 1972 ¹3
1156 1922 1286 1971 deeet01;
1307 1922 1437 1970 binusque

312 1993 394 2022 ecarr.
411 1983 432 2021 D
450 1983 469 2032 1,
498 1986 517 2020 et
533 1982 593 2020 itai)
612 1984 650 2030 la;
673 1982 709 2021 bis
725 1992 798 2030 usque
813 1982 834 2020 D
851 1982 872 2021 i.
890 1981 916 2030 53
940 1982 959 2020 ir
975 1992 1048 2031 usqne
1063 1983 1084 2021 D
1101 1982 1122 2023 3.
1137 1981 1157 2019 4.
1174 1981 1195 2022 8,
1271 1979 1294 2030 g)
1311 1981 1437 2020 Pannonia

314 2037 373 2081 Ab.
391 2041 410 2080 it.
428 2041 449 2080 4.
467 2041 487 2081 5.
504 2041 522 2079 F
539 2040 559 2080 5.
577 2040 598 2079 t}
614 2041 634 2080 3.
650 2041 672 2081 t.
689 2040 725 2080 5a.
742 2041 763 2080 b.
781 2041 792 2080 1
810 2042 833 2089 i;
849 2041 904 2080 deest
919 2041 937 2079 F
953 2042 974 2082 4.
1035 2038 1060 2091 t.)
1077 2040 1212 2080 animalium
1229 2038 1258 2079 G.
1326 2037 1343 2090 i)
1360 2039 1435 2079 talem

313 2101 334 2140 A
350 2099 371 2139 8.
388 2099 405 2140 (i
422 2100 442 2140 2.
461 2099 480 2138 G
496 2100 520 2148 43
551 2099 678 2140 taliGbe.
696 2110 763 2140 -se
787 2109 833 2140 eor.
858 2100 901 2140 dea.
926 2100 971 2140 ri
997 2098 1053 2152 (cor.
1076 2103 1126 2148 pon
1148 2096 1245 2148 suppl.);
1284 2101 1301 2138 t.
1318 2098 1382 2138 inh.
1400 2109 1433 2140 m.

313 2158 373 2200 o.b.
398 2159 483 2198 carium
508 2157 609 2198 iii-4.
684 2156 757 2208 klita
780 2156 1436 2207 Ate,ei.a.01.1)i.ur.r1.(ii.111;

313 2217 443 2267 potuissent
463 2217 508 2256 aiii.
585 2215 603 2268 l)
619 2217 705 2267 Incipit
726 2218 907 2267 provinciarium
928 2227 1034 2266 rupea-scr.
1049 2215 1068 2255 A
1086 2218 1106 2258 4.
1124 2235 1150 2247 -
1166 2217 1187 2255 K
1204 2218 1224 2267 i,
1244 2217 1277 2254 bis
1297 2221 1315 2255 et
1337 2221 1435 2265 quatuor

312 2276 448 2325 sequentibus
462 2277 562 2326 capitatis
578 2277 668 2327 amiens,
683 2277 715 2315 tta
731 2277 806 2316 babet:
830 2275 891 2324 Quia
906 2277 983 2326 sepius
1006 2275 1148 2316 nominanda
1164 2276 1262 2314 occurrit
1276 2275 1361 2325 Ytalia,
1378 2275 1433 2315 ideo
1524 2311 1525 2322 ,

313 2335 414 2374 breviter
436 2335 585 2375 describatur.
617 2335 736 2384 Siquidem
759 2337 834 2375 omnis
850 2335 937 2386 Ytalia,
960 2345 1005 2384 que
1022 2345 1036 2374 a
1059 2335 1126 2374 cirtio
1142 2335 1167 2373 in
1190 2345 1271 2374 eurum
1292 2334 1433 2385 extenditur,
1524 2325 1525 2334 ¹

313 2395 400 2446 Tyreni
416 2397 484 2444 atque
500 2393 613 2434 Adriatici
629 2395 698 2433 maris
721 2394 828 2434 ductibus
844 2395 951 2444 ambitur,
974 2393 1061 2433 babens
1086 2394 1115 2432 ab
1131 2393 1211 2433 affrico
1227 2393 1344 2442 'syrenum
1360 2401 1433 2444 mare,

312 2463 327 2493 a
342 2454 425 2494 borrea
440 2454 582 2493 Adriaticum
598 2453 681 2504 sinum,
704 2454 733 2493 ab
753 2453 849 2493 occiduo
865 2463 920 2493 vero
937 2457 960 2493 et
980 2453 1090 2502 aquilone
1105 2453 1165 2500 iugis
1181 2451 1274 2501 Alpium
1290 2451 1322 2491 lta
1338 2452 1434 2490 circum·

312 2513 420 2562 cluditur,
437 2517 462 2552 ut
478 2511 589 2564 non[nisi]
607 2522 649 2561 per
669 2515 779 2561 angustos
802 2516 892 2552 meatus
908 2515 931 2550 et
946 2521 989 2561 per
1003 2521 1093 2550 summa
1115 2511 1170 2559 iuga
1186 2511 1297 2550 montium
1313 2511 1385 2560 possit
1399 2511 1437 2550 in·

312 2572 386 2621 troirl,
402 2572 430 2610 ab
447 2572 536 2611 oriente
552 2581 614 2621 vero,
638 2569 677 2610 ubi
692 2572 797 2611 Penonie
813 2571 967 2621 coniungitur,
990 2569 1077 2618 largius
1100 2572 1217 2619 patentem
1233 2573 1256 2610 et
1271 2569 1433 2618 planissimum

312 2630 382 2668 babet
396 2630 534 2678 ingressum.
564 2629 631 2668 Licet
651 2630 777 2669 secundum
797 2629 957 2670 venerabilem
979 2629 1078 2668 Paulum
1098 2628 1301 2676 Langobardorum
1325 2628 1431 2668 historio·

312 2688 425 2737 grapbum
441 2689 519 2727 Ytalla
534 2688 585 2736 ipsa
600 2688 623 2726 in
638 2688 664 2726 18
680 2689 838 2727 tantummodo
853 2688 985 2737 provinciae
1002 2687 1124 2737 dividatur,
1140 2691 1217 2726 tamea
1233 2687 1357 2727 traditione
1372 2687 1430 2728 veri-

312 2747 372 2797 dlea,
388 2747 514 2786 seeundum
530 2746 591 2794 quod
607 2756 636 2785 ex
652 2747 753 2795 antiquis
770 2750 792 2787 et
808 2747 874 2786 novis
889 2746 1009 2785 Ytaiorum
1032 2747 1156 2786 annalibus
1172 2747 1195 2785 et
1210 2746 1280 2784 etiam
1296 2747 1347 2795 ipsa
1362 2746 1429 2785 Pauli

313 2805 511 2854 debengobardis
527 2804 623 2843 historia
632 2805 686 2844 allel
702 2807 784 2856 potest,
800 2806 851 2855 ipra
867 2806 944 2844 litalia
959 2805 983 2844 in
993 2805 1160 2854 aeprovineias
1176 2807 1266 2844 constat
1281 2814 1331 2844 ease
1347 2805 1427 2846 divisa.

313 2863 378 2911 Ques
395 2867 448 2903 sunt
463 2865 514 2904 bea.
545 2863 625 2902 Prima
642 2867 679 2902 est
693 2864 788 2915 Histria,
811 2875 855 2913 que
872 2865 900 2904 ab
917 2865 996 2903 Histro
1012 2864 1107 2903 flumine
1131 2864 1320 2912 cognominatum
1343 2864 1381 2912 qui
1397 2873 1429 2903 se-

312 2924 412 2962 eundum
428 2923 556 2961 Romanam
577 2922 696 2961 historiam
720 2924 825 2974 amplior,
849 2933 918 2972 quam
941 2933 1004 2963 nune
1021 2927 1062 2974 eet,
1085 2922 1156 2962 inisse
1179 2923 1319 2971 perhibetur.
1350 2922 1429 2962 Heca

312 2981 475 3030 Iustinopolim
499 2991 571 3028 usqne
587 2981 616 3020 ad
638 2981 725 3021 flumen
742 2981 891 3022 (ltnsentlum
908 2986 943 3022 est
958 2986 1073 3031 exterere,
1094 2982 1165 3030 inque
1181 2984 1235 3020 sunt
1249 2981 1317 3022 urbes
1333 2980 1431 3020 Iustino·

312 3040 379 3091 polle,
395 3040 513 3091 Piranum,
530 3040 673 3091 Parentium,
688 3041 820 3093 Tergestns,
836 3042 951 3082 Hemonia
966 3043 1035 3089 atque
1051 3040 1120 3079 Pilia.
1152 3038 1258 3079 Secunda
1274 3044 1309 3081 eat
1324 3040 1427 3092 Venetia,

313 3109 358 3146 que
375 3099 483 3138 solumin
498 3099 674 3150 paucisinsuiis,
691 3110 748 3148 ques
764 3111 826 3140 nuno
833 3101 942 3142 Venetiae
959 3100 1063 3150 dicimus,
1080 3099 1237 3149 consternata,
1254 3103 1277 3137 ut
1294 3099 1425 3150 11,14—at.

313 3158 791 3210 ea.,ubiinserunturquaebicomissasunt.
823 3157 1157 3210 mlh.e.erac.Dl;dea.aiiis
1165 3157 1194 3198 D.
1226 3155 1427 3208 n)itaaempcrsere

312 3213 493 3258 alestam.
509 3216 563 3266 (323
580 3218 775 3258 Foroiulianibae
790 3219 836 3257 loeo
850 3217 900 3259 Ar.
916 3219 965 3257 Bl.
980 3217 1019 3256 iil
1038 3216 1087 3267 (ii,
1104 3221 1122 3255 a
1137 3217 1168 3256 ita
1183 3217 1272 3256 variam
1287 3217 1327 3256 alii
1341 3217 1425 3260 codun.

313 3313 415 3378 Viginti
431 3318 519 3364 autem
539 3318 566 3363 et
584 3319 686 3380 septem
707 3329 790 3364 annos
810 3313 940 3380 ducimus,
970 3311 1042 3378 quod
1061 3311 1159 3362 iubae
1179 3312 1252 3363 Urbe
1271 3313 1341 3363 iuter
1358 3312 1425 3364 Lan·

312 3386 490 3452 gobardorum
503 3385 608 3452 gladios
622 3384 749 3449 vivimns;
764 3393 787 3437 et
801 3386 837 3436 ad
850 3385 964 3436 Pisaeam
981 3382 1045 3450 imp.
1066 3385 1110 3435 lib.
1123 3383 1208 3447 XIII,
1228 3385 1272 3449 38,
1291 3384 1381 3437 indici.
1394 3385 1423 3436 6.·

311 3460 433 3522 Qualiter
455 3461 525 3510 enim
552 3458 714 3525 quotidianis
739 3459 838 3524 gladiis
867 3465 893 3510 et
919 3459 1024 3524 quantis
1043 3456 1281 3523 Langobardorum
1300 3460 1424 3510 ineunte·

312 3534 390 3585 nibus
409 3549 474 3584 ecce
493 3535 547 3582 iam
566 3548 614 3599 per
631 3534 742 3597 triginta
765 3533 881 3597 quinque
901 3547 1029 3582 annorum
1058 3530 1251 3596 longitudinem
1277 3533 1423 3598 premimur,

311 3607 391 3659 nuliis
403 3607 508 3673 expiere
519 3606 698 3670 suggestionis
717 3605 828 3655 vocibus
849 3604 978 3655 valemus.
1008 3601 1122 3669 tuaque
1133 3601 1224 3670 prima
1234 3605 1300 3655 data
1310 3603 1343 3656 eit
1358 3622 1423 3657 anno

311 3697 390 3732 aerae
411 3677 504 3730 Otrtst.
530 3678 591 3738 595,
617 3677 741 3727 detractis
761 3677 804 3739 2⁷,
831 3677 867 3728 ad
887 3675 949 3728 568.
975 3675 1141 3740 revolvimur,
1166 3677 1307 3743 eademque
1325 3679 1422 3730 ratione

312 3753 438 3815 seeundo,
451 3767 519 3817 quae
530 3749 596 3800 data
606 3758 643 3799 eet
655 3750 717 3799 603.
728 3748 846 3814 Mihique
864 3750 1009 3802 verosimile
1020 3749 1132 3812 videtur,
1148 3759 1268 3801 sancium
1278 3750 1421 3817 pontificem

311 3826 345 3875 ab
354 3823 510 3892 ipeapotiue
521 3821 605 3889 qentis
621 3820 771 3873 incursione
781 3840 860 3888 quam
873 3841 890 3873 a
896 3824 1007 3889 firmata
1017 3823 1089 3874 illiue
1105 3822 1420 3875 dominationecalamita·

312 3907 366 3948 ium
377 3897 518 3963 periodum
533 3894 684 3946 deduxisse.
695 3897 740 3947 Bi.
766 3896 873 3947 Annum
884 3897 946 3946 569.
958 3894 1075 3947 Secundi
1090 3903 1167 3946 notae
1179 3896 1246 3960 (ind.
1257 3897 1416 3961 2.)innuunt.

313 3973 341 4036 1)
362 3971 449 4021 Monte
468 3968 613 4036 iiaqqiore,
640 3985 715 4035 quem
734 3985 767 4020 ea
792 3969 895 4020 archivi
918 3967 1073 4036 capitularis
1093 3969 1280 4037 Forojuiiensia
1298 3971 1419 4036 fenestris

309 4042 376 4093 mibi
394 4042 549 4092 monstravit
567 4043 709 4093 canonieus
729 4044 761 4094 de
784 4041 918 4106 Oriundis,
945 4059 1031 4094 neenee
1055 4039 1152 4108 Aprili,
1178 4042 1238 4095 nive
1266 4053 1416 4110 coopertum,

309 4113 490 4180 narravitque,
511 4120 591 4165 totam
609 4115 672 4167 inde
698 4117 813 4182 conspici
826 4134 906 4183 passe
931 4124 1029 4167 terram
1047 4115 1215 4178 Frinianam,
1242 4118 1418 4184 nominatique

310 4207 381 4241 nune
400 4188 478 4240 etiam
497 4187 595 4240 ‘Monte
614 4189 658 4240 del
673 4187 729 4240 lie'.
755 4190 811 4239 BE.
861 4189 963 4240 Nomen
981 4187 1042 4239 baie
1060 4187 1212 4240 narrationi
1237 4208 1330 4241 ansam
1346 4208 1418 4257 prae·

310 4261 406 4326 baisse,
426 4261 565 4313 verisimile
584 4271 629 4314 est.
705 4259 733 4327 ἓ)
755 4259 794 4328 CJ
809 4262 875 4314 Isid.
888 4263 975 4328 Etpm.
991 4259 1037 4310 XI
1041 4261 1070 4324 V,
1090 4261 1174 4324 4,16.
1249 4265 1278 4330 3)
1299 4262 1340 4330 ty.
1357 4265 1417 4316 Eur.

311 4336 396 4403 Sanq.
415 4337 456 4388 ed.
476 4336 516 4388 De
535 4335 613 4388 Rossi
632 4335 717 4399 (Ball.
737 4333 767 4386 di
785 4335 858 4386 arci.
878 4334 948 4386 crist.
970 4331 1062 4398 1857),
1081 4351 1108 4399 p.
1129 4335 1178 4386 22:
1205 4338 1275 4388 item
1292 4339 1329 4402 Ῑῐδ
1347 4339 1416 4390 Iusti·

310 4411 384 4460 niani
411 4426 473 4476 aug.
503 4426 571 4460 anno
600 4409 773 4476 Longobardi
800 4412 965 4460 intraverunt
992 4408 1021 4458 in
1049 4408 1157 4459 Italiam
1188 4411 1230 4460 12.
1259 4411 1320 4460 Kal.
1340 4411 1415 4478 April.

310 4481 341 4548 4)
362 4480 482 4534 Castrum
495 4481 596 4534 Julium
615 4490 671 4534 erat
686 4480 794 4534 Colonia
812 4481 888 4532 Julia
901 4478 1010 4543 Oarnia,
1030 4481 1082 4531 sita
1095 4482 1182 4546 paulu
1211 4499 1296 4548 supra
1312 4481 1416 4550 Oropum
