3040 5014
344 461 454 512 PAULI
474 459 648 510 HISTORIA
666 459 1002 513 LANGOBARDORUM.
1197 458 1232 510 27

202 627 270 717 (19)
292 629 321 695 Α
346 629 374 693 7.
426 628 696 692 Matritensis
730 629 843 712 sepius
874 627 905 708 V,
941 628 1016 710 188,
1050 629 1178 694 membr.
1206 640 1234 694 et

15 761 24 770 .
110 713 219 777 cbart
243 735 268 775 s.
290 712 343 776 XI
345 712 374 793 V,
401 714 439 776 in
461 709 562 774 Italia
584 710 632 774 oel
653 709 802 774 Heluetia
826 721 991 793 eucratas,
1014 715 1073 796 qui
1093 713 1143 778 nil
1164 715 1234 778 nisi

113 797 301 862 Historiam
322 795 619 881 Lampobordorum
644 795 796 876 continet,
852 805 938 860 osteo
964 797 1029 861 abio
1056 806 1165 862 assuto
1188 799 1234 863 ad

115 879 300 946 Concilium
318 879 560 945 Constantiense
606 879 770 943 ertinente.
803 818 909 943 liam
924 882 1033 965 primi
1046 881 1125 946 libri
1139 882 1232 947 deest.

112 964 268 1029 Pancuia
290 965 432 1028 enotavit
452 963 480 1029 b.
501 987 542 1026 m.
601 962 757 1045 .Knust;
781 963 851 1026 abia
880 963 912 1027 V.
937 962 983 1031 Cb.
1004 964 1112 1028 Baist.

202 1049 234 1112 A
290 1051 376 1112 rimo
408 1047 469 1110 bac
501 1046 646 1110 codicum
678 1046 781 1110 classe
814 1045 946 1132 bonpins
974 1049 1127 1112 recedunt
1153 1072 1234 1134 quos

114 1131 227 1196 littera
284 1131 516 1211 indicavimus,
532 1130 570 1194 de
585 1151 722 1216 quorum
736 1131 846 1195 indole
857 1133 932 1216 jam
946 1153 1053 1216 supra
1069 1135 1234 1218 apendnm

117 1225 200 1296 erat,
223 1217 345 1300 quippe
367 1216 424 1300 qai
438 1215 671 1279 dubitationem
691 1216 859 1300 injiciant,
882 1238 961 1279 num
984 1216 1024 1280 ab
1039 1218 1114 1301 ipso
1128 1217 1233 1282 Paulo

104 1297 257 1383 fortasse
278 1299 375 1362 verbo
395 1301 444 1362 ita
459 1301 526 1362 sint
546 1307 672 1362 mutata
693 1297 809 1383 qualia
830 1300 883 1364 bic
902 1298 1065 1384 lepontur.
1111 1298 1235 1366 Ceteros

118 1384 315 1467 antiquitate
330 1380 502 1468 praecellit
611 1371 616 1395 '

204 1467 274 1552 (20)
296 1467 329 1528 Β
351 1465 377 1528 1.
430 1467 706 1547 Haoniensis‚
744 1465 859 1532 cobbect.
889 1489 956 1552 rep.
985 1469 1142 1553 antiquae
1171 1467 1233 1532 Nr.

116 1549 211 1632 2158,
226 1550 256 1631 4,
280 1549 356 1615 olim
377 1550 624 1635 Lindenbropii
642 1550 797 1635 pluribus
817 1573 842 1613 s.
865 1550 920 1614 IX.
941 1549 991 1614 oei
1012 1551 1049 1616 X.
1071 1552 1234 1634 manibus,

115 1656 259 1717 quarum
280 1636 461 1719 specimina
482 1637 520 1698 in
541 1633 654 1697 tabula
670 1634 711 1697 II
727 1635 928 1716 addidimus,
948 1637 985 1698 in
1003 1635 1114 1718 Italia,
1136 1646 1172 1699 nt
1186 1639 1233 1702 oi·
1312 1649 1316 1660 '

115 1718 223 1799 detur,
251 1727 417 1782 enaratus.
460 1718 511 1780 De
533 1720 680 1804 pretioso
707 1719 766 1782 boc
788 1718 906 1798 codice,
936 1719 1028 1783 nobis
1054 1721 1235 1805 petentibus

116 1801 263 1866 benevole
277 1802 470 1866 Berobinum
491 1803 682 1866 transmisso
704 1812 733 1866 et
754 1826 852 1889 qnam
865 1803 1056 1886 fidelissime
1069 1827 1142 1868 cum
1158 1804 1235 1868 aliis

116 1896 319 1972 comparato,
341 1909 370 1950 o.
385 1887 429 1950 N.
444 1886 543 1950 Arcb.
565 1887 591 1968 I,
638 1885 732 1950 .540
753 1910 799 1972 sq.
832 1885 1109 1960 Quaternionibus
1154 1889 1235 1952 luri-
1300 1917 1303 1924 ’

117 1969 178 2035 bus
199 1971 238 2034 de
264 1971 387 2051 erditis,
409 1970 510 2034 Pauli
523 1909 793 2035 biberiocunosus
807 1980 852 2035 est
867 1972 999 2054 (desunt
1014 1972 1077 2053 III,
1094 1972 1110 2035 1
1137 1973 1235 2054 -IV,

117 2053 170 2118 21.
235 2103 244 2135 ,
270 2053 402 2118 17-40.
441 2054 490 2136 VI,
515 2052 665 2135 17-58).

204 2138 371 2224 (21)Β2.
424 2137 750 2203 Mediolanensis
789 2139 1088 2204 Ambrosianus
1127 2139 1235 2221 072,

20 2232 26 2244 ’
117 2222 245 2286 membr.
263 2221 329 2306 fol.
357 2245 381 2289 s.
404 2223 461 2303 XI,
485 2222 560 2287 olim
586 2232 623 2286 ut
642 2223 771 2287 uidetur
800 2221 835 2287 8.
862 2223 1005 2288 Martini
1031 2225 1234 2288 Masciocen-

119 2307 175 2386 sis,
204 2309 262 2392 qni
277 2307 435 2391 pluribus
461 2306 611 2370 manibus
640 2308 782 2390 scriptas
810 2308 909 2370 varia
939 2309 1079 2370 continet
1104 2319 1235 2392 opero1,

119 2391 206 2454 inter
224 2413 306 2474 qnae
320 2390 422 2454 Pauli
436 2391 575 2454 bistonio
589 2389 743 2452 Romana
758 2399 787 2452 et
801 2389 875 2450 Lan
901 2390 1097 2454 obordorum
1111 2413 1235 2454 necnon

118 2473 283 2540 Jordanis
314 2472 394 2539 biber
423 2473 462 2536 de
489 2473 584 2535 rebus
607 2469 727 2536 Geticis
756 2473 818 2534 uni
839 2413 992 2536 debentur
1021 2475 1217 2537 amanuensi
1223 2496 1235 2555 ;

121 2559 281 2641 specimen
304 2558 370 2620 scri
395 2565 488 2620 turae
511 2555 599 2620 dedit
613 2555 711 2620 editio
734 2556 981 2620 Muratoriona.
1027 2554 1184 2631 Quamvis
1198 2559 1236 2622 in

121 2640 231 2704 multis
264 2662 336 2703 cum
416 2642 432 2702 1
464 2641 646 2717 conveniat,
681 2639 775 2704 abiud
803 2649 909 2704 tomen
938 2639 1038 2704 Pauli
1068 2640 1236 2726 enempbar

121 2733 248 2786 secutus
277 2733 330 2786 cst.
388 2721 507 2788 Ultima
536 2726 603 2788 tria
629 2723 707 2788 libri
741 2723 791 2788 VI.
824 2723 974 2809 capitulo
1001 2727 1134 2790 omisit¹.
1185 2724 1235 2810 CJ.

121 2807 166 2870 N.
189 2806 287 2871 Arcb.
310 2807 337 2888 Ι,
360 2831 398 2892 p.
420 2805 496 2888 543,
525 2807 583 2872 ubi
608 2809 798 2872 accuratius
826 2808 865 2872 de
893 2808 971 2872 libri
999 2809 1098 2894 bajus
1125 2809 1235 2874 indole

120 2893 253 2975 opimus.
286 2891 449 2955 Lectionis
463 2893 661 2972 varietatem,
674 2914 748 3040 pam
761 2893 799 2955 in
814 2893 994 2958 Maratorii
1008 2895 1147 2959 editione
1161 2893 1234 2957 ube·

120 2976 202 3056 rius,
218 2997 274 3038 nec
289 2985 396 3038 tamen
412 2975 529 3059 ubique
537 2978 623 3060 pori
637 2976 674 3040 di
686 2977 811 3061 ipentia
826 2978 1033 3062 conscriptam,
1050 2979 1236 3042 Betbmonn

121 3060 227 3123 denno
250 3059 376 3123 scbedis
398 3061 468 3123 suis
488 3059 609 3123 intulit.

204 3141 273 3231 (22)
295 3143 396 3206 132⁸.
457 3143 684 3208 Vaticanus
719 3143 1018 3216 Ottobonianus
1051 3145 1113 3212 Nr.
1144 3144 1235 3228 1378,

121 3226 195 3290 olim
217 3227 306 3292 ‘liber
327 3225 476 3292 ecclesiae
498 3227 583 3292 beati
604 3228 797 3308 Marciobis',
819 3229 946 3293 membr.
961 3251 985 3296 s.
1001 3229 1075 3292 XII.
1091 3229 1149 3309 in.,
1168 3239 1236 3293 tum

121 3311 156 3374 in
176 3309 248 3392 fine
275 3311 353 3376 libri
382 3311 432 3394 VI,
458 3321 525 3376 tum
546 3313 584 3376 in
606 3312 747 3398 sinpulis
776 3311 880 3376 uerbis
910 3314 960 3376 ita
981 3335 1053 3377 cum
1074 3313 1137 3376 Β2
1160 3335 1234 3376 con-

107 3396 215 3477 -oento,
238 3405 282 3476 ut,
304 3395 510 3460 Betbmonno
522 3396 647 3482 judice,
663 3417 703 3459 eoo
719 3396 775 3459 boc
792 3395 974 3482 descriptus
990 3399 1032 3460 sit
1046 3397 1235 3461 censendus.

123 3479 252 3544 Indices
274 3480 390 3544 omisit.
485 3499 486 3504 ’

162 3561 275 3709 Χ)23)
296 3564 328 3626 Β
342 3562 372 3625 3.
415 3563 639 3628 Beruensis
660 3563 723 3626 Nr.
739 3561 790 3644 83,
803 3562 837 3647 f.
857 3562 916 3626 104
930 3585 1007 3648 sqq„
1029 3563 1156 3627 membr.
1169 3560 1235 3646 fol.

124 3668 147 3709 s.
208 3693 218 3725 ,
234 3669 261 3730 p
278 3647 392 3711 nribus
413 3647 565 3712 monibus
586 3649 652 3712 scri
676 3656 739 3727 tus,
762 3649 818 3711 cui
830 3650 1005 3712 recentiore
1021 3657 1123 3711 aetate
1161 3669 1234 3710 rce-

122 3729 243 3816 Iipotns
259 3740 304 3794 est
319 3730 406 3796 olicis
424 3731 523 3796 codeoc
546 3731 619 3796 olim
636 3670 832 3816 incaepit
845 3731 1014 3796 Remcusis
1029 3730 1088 3816 (cf.
1140 3753 1234 3817 apen,

125 3909 151 3979 1)
169 3911 336 3964 Procoedunt
354 3910 446 3963 Bedcc
458 3909 568 3962 bistonio
587 3909 739 3980 Anpborum,
766 3910 874 3963 Daretis
891 3909 1000 3962 historio
1021 3911 1148 3979 Trojano,
1170 3909 1235 3963 Ocn-

123 3987 207 4037 sutum
225 3994 249 4037 et
275 3983 462 4050 imperatorum
487 3987 632 4053 caroloque,
657 3983 791 4050 EpistoIm
809 3983 966 4050 fficrouymi
989 3994 1013 4036 et
1037 3983 1161 4036 Senecae.
1199 3983 1235 4035 In

117 4059 170 4125 fine
188 4056 328 4109 uoluminis
347 4063 451 4108 exstant
476 4057 557 4108 Gesta
580 4055 714 4124 Apollonii
739 4074 843 4109 moneo.
880 4057 983 4108 Eodem
1000 4056 1029 4108 in
1053 4055 1141 4109 codice
1160 4057 1234 4108 Mos-

124 4131 235 4184 ciocensi
253 4133 392 4200 conjuncto
405 4139 481 4182 crum
495 4139 557 4182 teste
570 4132 688 4197 cotamqo
700 4147 721 4182 s.
735 4129 802 4182 XII.
815 4129 845 4181 in
857 4131 913 4182 cod.
940 4130 1065 4182 Vaticano
1087 4130 1136 4183 Nr.
1148 4131 1234 4181 3³24:

125 4205 241 4257 Historia
265 4205 409 4270 Anglorum
429 4205 601 4256 Troianorum
627 4206 805 4256 Romanorum
829 4204 1065 4270 Langobardorum
1090 4204 1234 4256 Gottonum

125 4280 151 4328 in
168 4295 220 4329 uno
241 4278 299 4330 cod.
321 4278 454 4330 BETHM.
534 4276 565 4343 2)
583 4276 727 4329 Muratorii
752 4276 945 4329 annotationem
969 4276 1056 4328 minus
1081 4284 1234 4328 accuratam

126 4367 176 4403 esse
197 4352 243 4418 (cf.
265 4350 300 4402 N.
321 4349 419 4403 Arcbir
438 4349 462 4414 I,
478 4368 509 4418 p.
530 4352 605 4416 544),
631 4351 660 4402 V.
689 4349 725 4403 CI.
751 4350 852 4414 Hellen,
878 4351 965 4404 codice
990 4349 1085 4404 iterum
1109 4348 1234 4416 inspecto,

115 4422 252 4490 probauit.
735 4445 738 4452 Α
871 4437 875 4446 ’
1156 4451 1158 4454 -
