2994 4998
253 393 363 444 PAULI
382 393 555 446 HISTORIA
574 393 910 446 LANGOBARDORUM.
947 395 1019 448 LIB.
1039 397 1071 448 V.
1170 399 1222 448 177

242 559 512 624 *murmuria
534 559 758 626 OAPITULA
778 561 900 625 LIBRI
921 561 1084 642 QUINTI.
1231 576 1269 632 ἰ.
1287 583 1337 624 ιιι.

127 647 155 708 1.
200 642 368 723 Quomodo
391 642 590 723 Grimualdb,
617 643 824 710 confirmato⁰
845 667 954 730 regno,
975 667 1109 709 uxorem
1130 646 1224 712 duxlt

200 725 298 790 filiam
320 726 379 789 Ari
404 727 462 790 erti
483 728 600 812 regist
1208 785 1209 788 ,

148 860 155 874 .
198 809 250 874 De
272 809 349 894 fuga
398 811 534 892 erctarit,
557 819 589 875 et
609 811 771 896 quomodo
793 812 852 876 ade
875 809 1098 876 Grimualdum
1119 834 1221 876 rever-

201 915 255 957 sus
278 902 327 956 est
347 902 379 957 et
399 893 513 957 iterum
535 893 569 957 in
589 895 745 958 Franciar
765 895 856 980 fugit.

149 1026 156 1040 .
199 975 252 1122 ge
274 974 442 1040 elementia
464 975 643 1042 Grimualdi
663 980 773 1064 regist
794 980 827 1041 in
848 977 991 1042 Unulfoh
1021 987 1053 1042 et
1073 979 1221 1042 vestiario

228 1061 381 1124 erotariti.

149 1189 156 1205 .
201 1142 393 1222 Quomodok
417 1142 586 1207 Grimuald
613 1143 770 1208 Unulfum
800 1155 831 1209 et
857 1145 1040 1210 vestietrium
1067 1146 1223 1211 Perctarit

201 1225 243 1288 ad
271 1225 422 1290 eundem¹
445 1227 601 1292 Perctarit
619 1229 693 1292 irem
713 1229 866 1312 permisit.
948 1250 950 1253 ·

126 1351 134 1371 .
149 1355 157 1371 .
200 1308 325 1373 Bellum
341 1309 520 1374 Grimualdi
533 1311 726 1375 adversumll
740 1313 883 1376 Francos
899 1321 931 1376 et
944 1313 1131 1376 victoriam⁰
1143 1313 1221 1376 eius.

149 1441 156 1456 .
200 1392 369 1473 Quomodo
403 1392 560 1458 Constans
593 1403 748 1480 augustus
780 1394 926 1458 Italiamr
948 1396 1088 1478 veniens,
1121 1397 1222 1461 Bene-

199 1484 354 1540 ventum‘l
377 1476 510 1540 obsedit.

148 1607 155 1622 .
199 1558 368 1638 Quomodo
402 1559 571 1624 Grimuald
602 1562 751 1626 invitatus
783 1583 803 1624 a
833 1561 899 1626 filio
936 1584 995 1626 suo
1027 1561 1223 1627 Romualdor

199 1642 417 1708 Beneventum
438 1642 576 1728 advenit.

105 1765 128 1818 a)
145 1768 232 1817 Inciplt
247 1767 267 1806 A
284 1771 311 1818 15
332 1771 352 1809 1.
370 1781 388 1812 c.
406 1771 433 1810 de
448 1771 507 1810 libro
523 1772 564 1820 qui
579 1771 758 1820 superscriptum
773 1774 808 1810 est
822 1771 841 1809 P
858 1773 869 1810 1
890 1772 915 1810 ia
930 1772 1004 1810 auimo
1015 1771 1075 1820 folio
1092 1770 1122 1824 (v.
1135 1783 1160 1821 p.
1179 1772 1220 1812 176

103 1824 529 1877 n.e).B1ar9ameotuitataoet:
552 1830 717 1878 Incipiunt
738 1829 876 1878 capItula
896 1831 970 1869 libri
988 1831 1099 1879 quinti.
1132 1829 1221 1870 Grlmo·

103 1885 170 1924 aldus
192 1885 253 1934 regis
272 1886 343 1926 filiam
365 1889 430 1927 duxit
451 1898 555 1928 uxorem.
600 1887 706 1927 Berthari
726 1889 755 1927 ad
777 1886 911 1928 Grimoaldo
931 1889 1062 1929 revertitur.
1102 1888 1221 1936 Quomodo

103 1944 195 1984 Bertari
217 1945 341 1993 requisltnr
362 1957 409 1987 non
429 1947 553 1987 invenitur.
584 1947 682 1986 Unulius
698 1949 721 1986 et
736 1947 858 1986 vestiamus
874 1948 963 1986 dimissi
979 1957 993 1986 a
1008 1947 1100 1986 Beriari
1116 1952 1221 1997 pergunt

103 2003 244 2042 Francorum
266 2006 381 2044 exercitus
401 2007 427 2044 in
446 2005 515 2045 Italia
536 2015 550 2044 a
568 2006 660 2044 Bertari
680 2005 773 2045 invitati
796 2005 900 2046 devictus
921 2009 962 2046 est.
1001 2005 1166 2046 Constantinus
1182 2017 1221 2046 au·

101 2064 180 2110 gustus
196 2071 265 2111 super
279 2063 352 2111 Lang.
369 2065 440 2103 venit.
470 2065 588 2111 Augustus
603 2065 763 2104 Beneventum
784 2065 880 2104 obsedit.
912 2063 971 2110 Quia
988 2063 1109 2104 Sisualdus
1125 2065 1222 2104 falsitati

103 2129 150 2158 non
166 2120 274 2171 adsensit,
291 2122 380 2162 occisus
401 2126 443 2162 est.
480 2123 551 2170 PugIt
566 2123 685 2170 inperator
705 2121 864 2162 Grlmoaldum
887 2123 947 2170 regis
969 2123 1076 2163 adventu.
1107 2121 1222 2162 Saburrus

104 2179 204 2219 directus
220 2179 248 2218 ab
271 2183 367 2228 augusto
384 2169 524 2220 submotu
544 2181 619 2220 victus
641 2184 682 2220 est.
714 2181 842 2220 Devastata
862 2181 942 2230 Roma,
964 2179 1046 2219 Sicilia
1067 2181 1160 2232 afflicta,
1182 2191 1222 2220 au-

104 2239 182 2284 gustus
199 2247 213 2276 a
227 2239 275 2276 suis
298 2239 417 2278 occiditur.
448 2239 571 2278 Metentlus
592 2239 718 2286 imperator
738 2238 812 2278 factus
832 2239 861 2277 ad
881 2239 949 2277 ltalia
970 2239 1083 2279 militibus
1106 2249 1157 2278 eum
1173 2240 1221 2278 suis

104 2295 223 2334 occiditur.
255 2294 378 2335 Sarraceni
394 2296 478 2336 Sicilia
493 2297 646 2336 invasserant.
678 2296 805 2337 Grimoaldi
821 2297 912 2336 obsides
928 2297 989 2343 regis
1005 2296 1054 2336 fllia
1070 2299 1125 2336 data
1141 2296 1222 2336 Sicilia

104 2353 208 2392 morttur.
239 2354 289 2392 Hoc
304 2357 408 2403 tempore
428 2355 499 2393 multe
519 2355 598 2402 pluvie
614 2357 637 2394 et
652 2353 749 2402 fulgore.
785 2355 865 2404 Erepti
880 2356 1041 2393 Beneventani
1057 2365 1071 2393 a
1087 2354 1221 2394 Grimoaldo

105 2421 167 2460 rege.
212 2412 240 2449 In
260 2413 375 2452 Foroiulii
395 2415 448 2462 post
470 2411 577 2452 (trasulfo
593 2411 664 2464 ugus,
688 2413 771 2452 deinde
786 2412 871 2462 Lupus.
918 2411 1067 2452 Grlmoaldus
1089 2423 1131 2452 rex
1152 2423 1222 2462 super

104 2470 195 2518 Lupum
216 2470 296 2509 ducem
318 2470 407 2510 Avaros
427 2471 516 2512 invitat.
562 2471 644 2510 Occiso
665 2471 731 2520 Lupo
753 2471 818 2520 duee,
839 2470 912 2510 Avari
926 2471 1072 2510 Porolulium
1095 2472 1221 2520 possident.

105 2527 250 2568 Grimoaldus
266 2529 291 2568 in
307 2528 385 2569 Genus
406 2539 484 2578 pugna
499 2539 591 2579 parans,
607 2529 735 2569 Avarorum
750 2529 876 2569 exercItum
890 2529 963 2577 fugat.
994 2529 1155 2570 Warnelridus
1171 2540 1223 2569 oum

104 2587 187 2627 Avaris
208 2587 270 2636 apud
285 2587 370 2628 Nemas
391 2593 491 2628 castrum
512 2589 630 2628 occiditur.
676 2587 764 2629 Wetari
784 2588 831 2626 dux
852 2597 903 2627 cum
919 2586 1010 2627 Sclavis
1032 2589 1144 2628 dimicans
1160 2589 1223 2629 vicit.

103 2647 159 2684 Post
173 2645 262 2685 Wetari
277 2646 385 2698 Laudari,
405 2650 486 2696 postea
501 2647 632 2686 Rodoaldus
648 2647 702 2685 dux.
732 2646 783 2684 Rex
798 2646 859 2694 Lupi
880 2645 951 2686 filiam
968 2646 1099 2686 Rumualdo
1115 2657 1156 2686 suo
1172 2646 1221 2686 filio

103 2713 199 2743 uxorem
215 2704 285 2743 dedit.
330 2705 366 2744 De
387 2706 435 2744 suis
457 2705 587 2745 infidelibus
604 2715 645 2744 rex
668 2705 795 2744 ulciscItur.
841 2705 926 2744 Porum
941 2705 1026 2754 Populi
1045 2706 1140 2754 eiusque
1156 2705 1222 2744 habi·

104 2765 190 2804 tutores
206 2773 247 2802 rex
263 2764 364 2810 graviter
384 2763 468 2808 atrivit.
513 2765 611 2813 Propter
632 2763 757 2803 vindictam
778 2763 875 2802 fratrum
890 2773 905 2802 a
919 2764 1030 2803 Romanis
1052 2764 1134 2804 occisis
1150 2764 1223 2804 multa

105 2824 185 2860 contra
200 2831 240 2860 eos
256 2823 366 2862 exercuit.
412 2822 524 2871 Bulgares
541 2821 687 2862 Grimoaldus
709 2822 771 2870 apud
786 2823 945 2863 Beneventum
961 2823 1066 2862 collocat.
1112 2823 1221 2862 Extincto

104 2881 218 2920 Mecentio
233 2881 332 2932 tiranno,
349 2880 515 2922 constantinus
530 2881 655 2930 imperator
670 2879 778 2920 afficitur.
808 2879 880 2920 Stella
901 2882 996 2920 cometis
1019 2884 1153 2932 apparente,
1170 2880 1221 2920 sub·

105 2939 208 2988 sequitur
228 2949 313 2986 magna
332 2940 467 2979 mortalitas.
514 2938 661 2979 Grtmoaldus
685 2949 736 2978 cum
751 2939 883 2986 Dagoberto
903 2949 958 2986 rege
978 2941 1120 2978 Francorum
1140 2949 1222 2990 pacem

105 2998 169 3046 lectt,
190 2997 271 3037 fraude
292 2998 432 3038 medicorum
453 2999 555 3038 morit-ur.
594 2999 664 3038 Berta
678 2997 807 3038 revertitur.
845 2998 952 3038 Bertharl
968 2998 1132 3038 chunibertum
1149 2997 1222 3036 fllium

105 3058 129 3096 in
145 3067 242 3104 regnum
258 3057 347 3096 asotiat.
384 3057 493 3106 Nequitia
508 3057 601 3096 alachis
622 3059 702 3096 contra
717 3055 890 3096 chunibertum.
926 3056 1079 3097 chunibertus
1094 3057 1222 3104 Anglorum

106 3125 191 3164 genera
207 3115 272 3154 duxit
287 3125 391 3154 uxorem.
436 3115 531 3155 Alachis
547 3115 681 3156 chuniberti
701 3115 813 3164 palatium
834 3115 920 3154 invasit
935 3119 958 3154 et
973 3115 1101 3156 rebellavit.
1147 3115 1223 3156 Verba

106 3175 173 3224 pueri
188 3174 228 3222 qui
240 3173 353 3213 aldonem
369 3177 392 3214 et
408 3173 551 3214 erausonem
566 3173 715 3222 perturbavit.
746 3174 775 3213 In
791 3173 906 3214 coronato
921 3184 1000 3222 pugna
1016 3175 1140 3213 comititur.
1171 3173 1222 3212 Ex·

105 3233 239 3282 pliotunt
255 3233 395 3281 capitula.
432 3233 543 3282 Incipit
563 3232 643 3272 llber
662 3236 685 3272 v.
709 3253 735 3260 -
752 3230 801 3272 Ae
822 3233 854 3270 ita
869 3232 941 3271 tabet:
963 3234 983 3273 1.
1000 3231 1118 3278 Quomodo
1135 3230 1223 3271 Grime-

15 3299 20 3306 ’
106 3291 145 3330 ald
160 3289 307 3330 confirmatur
322 3292 347 3330 ln
363 3301 442 3339 regno.
480 3293 500 3330 2.
516 3292 552 3332 De
568 3289 623 3339 suga
637 3291 737 3330 Pertarit
756 3291 782 3329 in
803 3289 884 3340 Slthia,
901 3293 924 3330 et
945 3291 1059 3338 quomodo
1076 3289 1222 3329 Grimoaldus

107 3349 136 3388 ad
151 3358 228 3398 regem
244 3359 353 3388 cacanum
369 3350 438 3401 misit,
453 3353 478 3390 ut
494 3360 546 3390 eum
563 3350 692 3398 expelleret
707 3350 735 3390 do
751 3359 794 3388 sua
809 3349 909 3398 civitate,
926 3352 949 3388 et
964 3349 992 3387 de
1007 3349 1125 3397 provintia
1140 3347 1222 3398 Slthia,

105 3411 129 3447 et
149 3417 221 3455 quare
243 3408 296 3446 ulctl
318 3411 371 3446 sunt
390 3407 468 3449 Seithe
483 3409 620 3460 Massageta,
644 3411 667 3447 et
681 3407 800 3457 Hircania,
822 3410 845 3446 et
859 3407 963 3456 Hircani,
987 3409 1009 3444 et
1030 3407 1091 3445 unde
1112 3405 1223 3444 Armenia

106 3465 197 3514 dicitur,
220 3469 243 3504 et
264 3466 360 3505 Hiberia
381 3467 442 3506 unde
462 3467 552 3516 dicitur,
573 3470 596 3506 et
616 3465 717 3506 Albania
736 3465 797 3505 unde
821 3465 912 3506 dicitur.
958 3464 978 3504 3.
995 3463 1114 3510 Quomodo
1133 3463 1224 3502 Pertari

106 3525 235 3564 revertente
260 3524 289 3562 ad
304 3523 464 3564 Grimoaldum
487 3535 564 3572 regem
586 3525 648 3563 misit
667 3523 779 3564 Unultum
803 3522 895 3562 fidelem
915 3533 982 3562 auum
1003 3521 1032 3562 ad
1053 3533 1106 3562 eum
1128 3523 1222 3560 antaee

106 3587 150 3632 ota,
167 3581 351 3629 catemariam
371 3583 457 3632 laneum
472 3587 525 3622 erat.
545 3603 570 3611 -
586 3583 626 3621 Fa
642 3583 688 3622 tto:
710 3581 829 3622 Grimoald
845 3582 907 3629 regis
923 3581 995 3620 tiliam
1011 3591 1102 3620 sumens
1119 3589 1223 3630 uxorem,

106 3639 194 3690 pariter
213 3640 339 3678 exereitum
359 3641 388 3678 ad
407 3641 501 3689 propria
522 3640 615 3680 remisit.
668 3641 711 3679 Hic
732 3640 847 3680 Pertarith
869 3640 899 3678 ad
920 3638 1079 3679 Gumoaldum
1101 3637 1223 3678 revertitur

106 3697 192 3738 insidia
207 3697 287 3736 ductus
304 3695 409 3748 (doctus).
441 3699 559 3744 Quomodo
575 3698 689 3738 Pertarith
710 3698 831 3747 requirunt
846 3709 894 3738 non
909 3698 1063 3738 invenientes.
1093 3697 1149 3735 Post
1164 3695 1223 3735 haec

106 3755 207 3798 Unulius
223 3766 274 3795 cum
294 3756 403 3795 vestiario
419 3767 433 3794 a
449 3767 501 3804 rege
525 3757 632 3796 dimissus
648 3761 684 3797 ete.
702 3778 729 3786 —
748 3757 815 3796 Totus
829 3757 893 3796 iodea
908 3757 1014 3796 omittitur
1029 3755 1050 3794 A
1065 3751 1095 3796 Ὦ.
1112 3756 1131 3794 Β
1150 3755 1184 3794 ia.
1201 3754 1221 3794 ³.

106 3816 125 3855 E
141 3816 162 3859 4.
177 3815 196 3854 I*
214 3814 234 3854 Β.
252 3813 273 3854 G
288 3814 323 3854 bb.
364 3814 391 3853 Ira
408 3813 428 3854 G
445 3815 525 3863 lsotr'o
548 3815 616 3854 amieo
637 3819 797 3864 craumersiae.
814 3815 893 3854 1-21.
909 3816 993 3856 rimant.
1052 3811 1076 3864 b)
1093 3811 1223 3853 Grimwald

106 3869 533 3923 sapere'a.a;posaasuame1,
594 3871 615 3924 c)
633 3873 781 3914 confirmatus
796 3877 831 3913 est
845 3873 871 3911 in
886 3883 905 3913 r.
922 3873 998 3914 (Hi.
1059 3869 1082 3922 d)
1099 3871 1154 3910 deest
1170 3871 1223 3911 Hl.

108 3931 130 3984 e)
146 3944 160 3974 a
175 3933 193 3972 P
210 3934 230 3972 1.
305 3930 423 3982 OPracia
444 3931 465 3970 A
482 3933 502 3972 1.
525 3933 544 3970 L
562 3933 586 3979 13
609 3933 633 3972 it.
657 3931 743 3971 faciam
758 3932 776 3970 P
794 3933 820 3980 13
843 3931 869 3970 it.
885 3931 997 3970 Panclam
1019 3940 1076 3970 corr.
1100 3929 1223 3970 Franciam

110 3991 130 4032 G
145 3991 165 4043 ³,
188 3996 206 4031 at
221 3991 253 4030 ita
277 3989 297 4030 G
313 3987 344 4031 ⁸2.
363 3991 386 4038 23
410 3991 435 4031 it.
459 3991 483 4030 ln
502 3987 654 4042 Prant(c)1am
677 3990 696 4029 Δ
715 3991 734 4029 2.
758 3989 814 4030 (il.
830 3989 851 4027 D
869 3991 887 4027 1.
905 3990 925 4029 2.
943 3989 963 4028 3.
981 3987 1001 4028 (l
1017 3988 1058 4037 ia,
1080 3988 1105 4027 in
1121 3988 1224 4028 infancia

107 4051 128 4089 D
144 4046 194 4100 ’δας
211 4061 225 4090 a
240 4049 300 4090 sacia
316 4050 366 4088 elus
382 4049 400 4087 P
416 4048 438 4089 5.
499 4046 522 4099 g)
538 4049 593 4086 deest
608 4049 629 4087 D
645 4049 666 4090 2.
681 4048 701 4090 3.
768 4045 792 4097 h)
809 4047 912 4086 Hunulio
928 4048 948 4086 D
966 4047 986 4086 i.
1004 4047 1025 4086 3.
1086 4044 1103 4097 l)
1119 4047 1145 4086 P.
1162 4047 1223 4094 regis

108 4109 160 4148 Di.
177 4109 197 4151 a.
264 4106 288 4160 k)
306 4107 424 4155 Quomodo
443 4128 469 4136 -
484 4107 597 4146 Perctarlt
619 4107 661 4148 das.
678 4105 695 4146 0
711 4103 740 4144 ’1.
808 4102 826 4156 l)
841 4115 894 4146 eum
908 4106 934 4146 P.
951 4103 984 4154 (33
1006 4106 1031 4146 P.
1054 4107 1110 4144 deest
1125 4107 1145 4144 D
1163 4106 1184 4144 2.
1202 4105 1222 4146 8.

110 4165 141 4216 (i,
158 4167 187 4206 ad
202 4177 222 4207 e.
237 4167 263 4209 P.
288 4167 330 4209 das.
346 4166 367 4206 A
384 4167 403 4208 3.
478 4163 510 4216 m)
526 4166 552 4206 P.
576 4165 725 4214 nepotatur
743 4165 762 4214 i,
785 4163 822 4206 aba·
837 4164 852 4204 i.
870 4175 891 4213 p.
915 4165 998 4203 mount.
1074 4162 1098 4216 u)
1114 4165 1223 4203 adversus

109 4225 138 4264 D.
154 4227 180 4266 P.
197 4225 225 4266 G.
286 4223 308 4277 o)
323 4227 421 4266 victoria
436 4223 456 4262 A
473 4225 492 4264 3.
509 4224 530 4262 D
548 4225 567 4263 2.
585 4224 607 4266 8,
623 4224 642 4263 P
658 4223 679 4264 5.
696 4223 740 4270 113
756 4223 784 4262 de
799 4223 897 4262 victoria
914 4221 976 4264 (ibo.
995 4244 1021 4252 -
1038 4223 1087 4262 eius
1103 4223 1158 4261 deest
1175 4221 1224 4262 Gi.

108 4281 216 4334 p)1talia
232 4283 253 4324 G
268 4285 289 4327 2.
364 4281 387 4336 q)
403 4285 541 4325 Borrentum
565 4281 585 4322 G
601 4283 622 4324 3.
696 4279 715 4332 r)
732 4280 861 4321 Rimwaldo
876 4293 932 4322 corr.
948 4281 1092 4333 Rumwaldo,
1112 4286 1131 4320 ct
1146 4281 1178 4319 itu
1193 4278 1226 4318 vel

109 4341 227 4386 Romwald
239 4349 315 4394 postea
331 4343 352 4385 G
368 4345 387 4385 i.
406 4365 431 4374 -
447 4343 584 4384 Beneventu
598 4341 617 4380 P
634 4343 653 4382 1.

962 4425 993 4472 12
