3040 5014
201 1059 236 1112 lp.
245 1063 280 1103 16.

255 1845 356 1910 'divi

291 429 307 478 6
495 423 497 430 ’
519 426 629 478 PAULI
648 425 820 479 HISTORIA
839 425 1174 479 LANGOBARDORUM.

333 595 504 681 Captivum
525 593 646 680 patriae
667 592 764 657 redde
787 602 819 658 et
840 591 1008 656 civilibus⁸
1030 594 1124 674 arvis,

415 677 499 743 (lum
520 677 654 741 modicis
675 676 772 741 rebus
794 675 934 741 culmina
954 675 1053 742 redde
1076 675 1186 759 simul;

331 781 423 845 Mens
444 789 551 844 nostra
572 788 607 842 ut
629 777 756 843 Ohristo
777 777 887 842 laudes
908 779 941 841 in
964 776 1048 842 secla
1069 778 1256 865 frequentet,

416 863 561 928 Reddere
584 864 640 950 qui
660 861 746 928 solus
768 863 909 948 praemia
931 861 1030 946 digna
1050 873 1164 948 potest.

374 1038 433 1102 *Ut
448 1039 484 1102 id
499 1039 586 1124 qaod
599 1038 726 1122 petebat
730 1037 875 1123 facilius
891 1039 1129 1122 adipisceretur
1137 1050 1158 1114 1,
1174 1038 1300 1101 Paulas
1315 1038 1402 1102 ultra

291 1119 391 1206 Alpes
411 1119 581 1206 prefectus
611 1131 639 1185 et
668 1122 793 1187 diutius
821 1123 873 1186 bie
903 1123 1096 1186 commorari
1127 1131 1257 1186 coaetus
1279 1131 1340 1203 est,
1366 1123 1403 1186 id

311 1207 377 1271 aod
397 1206 536 1290 epistola
551 1207 596 1269 ad
611 1203 860 1270 lbeademarem
880 1205 1023 1270 abbatem
1041 1205 1258 1288 Casiaeasem,
1282 1230 1303 1268 a
1324 1210 1403 1291 ripa

289 1229 443 1354 boeotiae
465 1291 496 1354 d.
520 1289 569 1352 10.
590 1290 768 1372 danubrii,
799 1313 903 1372 canc,
934 1299 969 1352 at
993 1291 1122 1353 videtur
1144 1289 1240 1370 783²,
1270 1293 1402 1374 scripta,

289 1372 467 1438 luculenter
488 1377 647 1458 esposuit.

466 1545 490 1575 a
651 1493 807 1578 Incipit
828 1491 1038 1578 epistola³.

373 1593 578 1660 Amabillimo
601 1605 633 1660 et
660 1596 735 1660 totis
756 1594 835 1658 mihi
855 1594 1031 1679 precordiis
1054 1593 1168 1658 dilecto
1192 1594 1309 1658 domno
1331 1617 1401 1660 meo
1511 1585 1512 1604 l

289 1679 374 1764 patri
387 1676 498 1743 abbati
508 1677 722 1743 Theudemari
733 1676 851 1743 Paulus
866 1677 1002 1763 pusillus
1016 1676 1099 1745 filius
1111 1676 1257 1764 supplex.
1284 1679 1402 1759 Quam·
1430 1745 1433 1750 ,

289 1763 340 1826 vis
357 1761 487 1910 prolixa
506 1773 663 1828 terrarum
678 1764 781 1848 spatia
803 1783 936 1848 corpore
958 1771 1051 1826 tenus
1073 1785 1093 1826 a
1113 1773 1220 1827 vestro
1242 1763 1401 1826 consortio
1511 1767 1512 1792 ³

290 2015 458 2079 momentis
486 2037 538 2079 me
559 2025 663 2079 vester
684 2035 892 2100 meorumque
914 2035 1074 2078 semorum
1095 2025 1127 2078 et
1155 2013 1290 2079 fratrum
1315 2035 1404 2078 amor

290 2098 469 2180 excruciat,
503 2109 659 2184 quantum
679 2120 739 2162 nec
761 2096 937 2184 epistolaris
960 2097 1044 2163 valet
1069 2097 1179 2162 relatio
1208 2117 1268 2163 nee
1296 2097 1403 2184 pagel-
1511 2099 1512 2102 ’

289 2179 393 2246 larum
415 2203 575 2268 exponere
596 2181 746 2247 brevitas.
791 2181 875 2246 Cum
896 2183 981 2246 enim
1002 2182 1124 2247 mentib
1154 2181 1299 2246 subeunt·
1312 2203 1404 2246 occu·
1511 2237 1512 2252 ,

289 2275 370 2364 pata
385 2274 510 2364 tantum
531 2267 565 2330 in
587 2266 703 2330 divinis
726 2266 875 2366 operibus
898 2267 962 2366 otia
983 2288 1021 2330 ac
1042 2267 1106 2329 mei
1128 2268 1221 2330 statio
1243 2264 1404 2350 hospitioli

289 2358 480 2433 grabssrma,
504 2372 578 2414 cum
592 2361 698 2432 vester
718 2373 791 2436 p1us
813 2361 844 2416 et
857 2349 1026 2435 rehgiosus
1040 2349 1183 2432 affectus,
1205 2371 1279 2413 cum
1295 2358 1405 2413 sancta

288 2442 449 2498 tantorum
472 2430 592 2499 Christi
620 2434 756 2498 militum
787 2433 902 2499 divinis
929 2432 1065 2500 cultibus
1092 2433 1244 2498 insudans
1267 2442 1403 2516 caterva,

231 2581 235 2592 ,
290 2539 364 2580 cum
386 2516 586 2602 singulorum
606 2517 740 2584 fratrum
765 2519 800 2582 in
822 2517 955 2584 diversis
976 2515 1148 2584 virtutibus
1171 2516 1319 2665 exempla
1345 2515 1403 2580 fui-

288 2601 405 2746 {entia
431 2623 506 2664 cum
527 2601 631 2665 dulcia
653 2625 808 2688 supernae
836 2605 957 2688 patriae
979 2601 1210 2688 perfectionum
1233 2623 1269 2666 co
1282 2600 1403 2700 loquis:

312 2705 394 2766 ereo,
417 2694 540 2770 stupeo,
561 2684 709 2772 langueo,
731 2709 790 2751 nec
812 2687 895 2751 inter
915 2687 979 2749 imo
1025 2696 1130 2752 ectore
1152 2697 1254 2752 tracta
1268 2707 1405 2772 susp1r1a

288 2767 424 2832 retinere
445 2767 591 2834 lacrimas
612 2785 763 2855 possum.¹
795 2770 884 2834 Inter
901 2709 1022 2833 cathollJ
1511 2781 1512 2786 ’

290 2851 376 2916 tibus
397 2850 522 2917 deditos
544 2876 668 2937 versor3
697 2853 779 2918 bene
806 2877 857 2919 me
883 2874 991 2918 omnes
1020 2853 1196 2938 accipiunt3
1224 2853 1405 2937 benigniter

290 2935 369 2999 mihi
390 2935 510 3001 affatim
530 2959 639 3002 amore
660 2939 760 3003 nostri
782 2937 881 3024 patris
903 2935 1072 3000 Benedicti
1094 2945 1126 2999 et
1145 2936 1260 3000 vestris
1282 2936 1405 3000 meritis

290 3018 475 3103 exhibetur5
504 3021 561 3086 sed
582 3021 624 3086 ad
645 3023 904 3108 conparationem
925 3021 1023 3084 vestri
1050 3017 1197 3084 coenobii
1217 3019 1296 3084 mihi
1318 3018 1405 3106 pala-

289 3103 369 3166 tium
390 3125 499 3170 carcer
527 3116 590 3186 est,
619 3106 662 3170 ad
683 3105 894 3170 conlationem
921 3113 1134 3189 tantaequae
1159 3105 1246 3191 apud
1270 3127 1328 3169 vos
1356 3113 1405 3170 est
1511 3153 1512 3158 η

289 3188 404 3334 puietis
429 3188 481 3252 hic
510 3189 589 3253 mihi
618 3188 733 3274 degere
761 3197 934 3273 tempestas
963 3196 1025 3270 est3
1055 3187 1121 3254 solo
1143 3189 1184 3254 ab
1214 3190 1274 3253 hac
1300 3189 1404 3275 patria
1505 3262 1508 3280 Ι

312 3269 386 3335 ebili
415 3272 603 3358 corpusculo
623 3282 831 3354 tenuatam
853 3293 917 3358 qua
937 3269 1041 3335 solum
1061 3272 1152 3338 valeo
1174 3283 1280 3338 mente
1298 3272 1403 3338 vobis-

289 3377 364 3418 cum
391 3378 472 3420 sum.
515 3356 700 3444 Videorque
728 3357 807 3420 mihi
831 3377 917 3419 nunc
947 3353 1099 3420 suavibus
1127 3355 1262 3422 nimium
1288 3358 1403 3421 vestris

287 3440 439 3505 interesse
461 3440 675 3523 concentibus,
698 3461 782 3503 nunc
804 3439 975 3504 consedere
997 3441 1148 3505 satiandis
1175 3442 1209 3504 in
1231 3439 1403 3506 caenaculo

289 3599 314 3653 a)
329 3603 467 3652 genitalibus
487 3603 533 3642 Vat.
593 3599 617 3653 b)
634 3603 716 3642 mentis
731 3613 750 3644 c.

291 3731 318 3799 1)
337 3733 418 3786 Haase
431 3733 461 3784 ob
478 3749 587 3784 causam
602 3731 718 3782 Panium
735 3733 772 3783 ed
786 3732 917 3784 narseum
934 3733 1043 3798 vennae,
1055 3735 1166 3801 epistola
1184 3751 1244 3786 moa
1264 3733 1403 3799 efferenda

288 3815 378 3872 operte
392 3806 502 3857 madiret.
531 3803 623 3870 Neque
639 3805 730 3872 mopsi
737 3805 896 3871 faciendam
912 3815 949 3859 est
965 3807 1036 3874 qaod
1044 3808 1199 3874 posterioris
1216 3807 1275 3858 aevi
1291 3807 1403 3858 taederet

287 3881 434 3946 scriptores,
445 3877 594 3946 Sipebertaa
605 3878 637 3929 de
648 3877 699 3930 SS.
711 3879 771 3930 eccl.
782 3897 804 3932 e.
813 3880 856 3942 80,
870 3879 911 3932 ed.
921 3879 1062 3932 Fabricius
1070 3900 1101 3948 p.
1111 3883 1176 3932 102:
1190 3886 1298 3946 propter
1314 3881 1402 3930 scien·

286 3955 352 4005 tiam
362 3953 510 4005 litterarum
525 3969 542 4002 a
553 3951 649 4002 Oarolo
660 3953 759 4018 Magno
775 3956 934 4021 imperatore
950 3955 1080 4019 adscitus3
1094 3955 1174 4025 Hupo
1185 3952 1267 4016 Fue,
1288 3949 1336 4004 δ’δ’.
1350 3951 1401 4015 ΙΧ,

281 4043 313 4092 p.
323 4027 391 4076 363:
406 4025 439 4076 ds
449 4026 608 4076 monasterio
625 4025 721 4076 montis
732 4025 837 4078 cassini
852 4029 968 4078 venitin
984 4028 1109 4091 Galliam,
1125 4033 1253 4078 attractus
1268 4041 1358 4076 amore
1376 4031 1404 4076 et

286 4101 410 4165 opinione
421 4099 517 4165 prelati
532 4099 659 4165 principis
669 4099 763 4150 Karoli
775 4100 1009 4167 precellentissimi
1017 4101 1194 4168 imperatoris.
1213 4099 1313 4150 Rerum
1322 4097 1402 4149 Itali·

286 4187 378 4222 carum
386 4171 525 4237 scriptores
534 4171 567 4223 de.
580 4171 630 4222 tae
642 4181 894 4238 repraesentarent.
943 4172 972 4240 2)
983 4172 1029 4224 Ita
1040 4175 1192 4226 Betbmaaa
1203 4189 1232 4238 p.
1245 4172 1307 4222 297.
1327 4171 1402 4222 Pate-

285 4245 339 4294 iam
348 4245 465 4312 twmjaea
474 4243 576 4296 diutius
587 4243 681 4297 Oesiao
693 4246 791 4309 abesse,
801 4247 911 4312 epistole
919 4244 1015 4300 tabuit.
1030 4247 1094 4298 Ideo
1105 4261 1211 4297 carmen
1221 4244 1290 4296 illud
1301 4262 1326 4296 a.
1336 4244 1400 4298 782.
1455 4273 1457 4277 ·

284 4315 314 4366 a‘n
328 4315 420 4368 Gallia
438 4317 574 4384 scr'qsst'sse
589 4319 729 4384 putandus
743 4329 789 4371 est.
864 4316 892 4386 3)
912 4319 956 4370 Ec
976 4321 1032 4372 coel.
1045 4319 1135 4371 Paris.
1156 4319 1207 4372 Nr.
1223 4318 1283 4382 528,
1296 4318 1404 4385 f.127,

284 4387 422 4456 descripsit
446 4391 475 4445 V.
491 4390 527 4447 Ol.
548 4392 730 4453 Watteabacb5
749 4392 819 4445 edici.
839 4391 984 4460 Lebeafp.
999 4395 1068 4455 297;
1086 4393 1149 4444 inde
1168 4392 1252 4444 Deba
1265 4409 1297 4458 p.
1314 4393 1357 4447 79.

378 1857 447 1926 ant,
476 1847 581 1932 iungit
601 1869 652 1911 me
674 1856 781 1912 tamen
802 1856 977 1931 utcumque
998 1857 1104 1911 vestro
1127 1847 1232 1911 coemi
1253 1856 1351 1911 tenax
1372 1856 1403 1910 et
1511 1873 1512 1886 ¹

290 1951 373 2016 quae
388 1929 489 1994 dividi
502 1953 677 2018 numquam
698 1931 815 2016 poterit
833 1931 958 2012 caritas,
973 1939 1152 2029 'tantusque
1168 1929 1300 2016 singulis
1322 1952 1403 2015 pene
1510 1965 1512 2016 ξ

1019 2791 1073 2832 cos
1095 2780 1126 2834 et
1142 2769 1320 2834 christianis
1342 2767 1405 2832 cul-
1511 2809 1512 2816 κ
