3040 5014
319 421 428 474 PAULI
448 421 622 474 HISTORIA
641 421 972 474 LANGOBARDORUM.
1170 425 1204 474 33

19 585 20 588 ¹
74 585 131 657 'ea
153 591 350 676 praesertim
383 611 465 676 quae
498 591 544 654 ad
576 590 746 654 historiam
775 589 1022 654 ecclesiasticam
1050 600 1204 674 spectant.

98 675 134 742 V.
159 673 205 741 Cl.
226 673 327 738 Pauli
348 675 434 738 banc
455 674 525 759 ejus
546 674 696 736 notitiam
718 673 816 738 dedit.

180 758 259 825 Cum
280 759 313 820 E
333 757 495 843 affinitate
516 759 660 843 quodam
681 767 758 821 sunt
779 757 943 842 conjuncti
963 757 1087 822 codices
1108 759 1144 820 F.
1165 757 1204 840 G,

87 845 237 907 omnium
259 843 316 928 qui
337 851 466 906 eastant
477 839 553 926 fere
576 842 809 988 antipuissimi,
832 841 888 905 sed
910 865 932 904 a
953 845 1094 926 pennino
1117 851 1205 906 teoctu

87 929 140 991 ita
155 927 345 1006 recedentes,
367 935 403 988 ut
425 927 482 989 boc
497 926 623 990 demum
658 947 712 990 oco
727 947 779 990 eos
800 947 961 989 recensere
981 925 1085 988 liceat.
1128 926 1205 990 Non

90 1011 196 1076 solum
211 1009 312 1074 Pauli
332 1009 483 1074 carmina
499 1009 526 1090 I,
542 1010 592 1090 26,
615 1009 672 1072 sed
693 1010 789 1072 etiam
805 1008 900 1072 aliud
914 1009 958 1088 II,
976 1007 1024 1070 13.
1048 1010 1205 1090 omittunt,

84 1103 263 1178 praeterea
284 1115 350 1157 non
397 1115 495 1157 ancos
516 1092 601 1157 locos
626 1093 776 1173 minores,
798 1094 995 1175 praesertim
1016 1114 1068 1156 eos
1090 1095 1205 1178 quiin

92 1179 259 1242 codicibus
278 1175 306 1242 0
314 1186 343 1239 et
357 1115 393 1238 Β
405 1175 590 1261 corruptela
606 1178 750 1262 quadam
763 1177 933 1256 laborant,·
956 1175 997 1258 cf.
1009 1176 1053 1239 N.
1066 1177 1205 1257 Aretul,

87 1285 125 1346 p.
138 1261 209 1326 551.
252 1259 318 1326 sea
340 1269 368 1324 et
388 1261 436 1324 ito
457 1261 582 1325 mendis
604 1270 734 1342 scatent,
758 1283 840 1346 quae
856 1262 984 1344 partim
1004 1261 1139 1324 incuria
1157 1261 1206 1324 uel
1293 1290 1294 1294 ¹

90 1347 285 1430 ipnorantia
309 1345 503 1428 scriptorum
524 1354 607 1409 nata
628 1354 713 1426 sunt,
730 1346 856 1429 partim
879 1367 952 1408 vero
976 1366 1015 1407 eoc
1036 1347 1205 1408 uetustiore

89 1427 274 1513 eocemplari
300 1437 426 1511 recepta
448 1451 513 1492 esse
536 1429 657 1509 debent,
686 1431 807 1514 quippe
830 1451 913 1514 quae
935 1436 964 1490 et
990 1427 1079 1507 alibi,
1110 1437 1205 1512 atque

89 1514 192 1577 etiam
214 1513 337 1598 inipso
358 1513 465 1577 codiee
483 1516 640 1596 rescripto
656 1513 819 1576 Asisiensi
838 1513 1058 1597 reperiantur.
1098 1509 1146 1596 Cf
1161 1512 1205 1578 N.

90 1597 215 1660 Arcltiu
237 1596 265 1676 I,
281 1619 320 1681 p.
343 1597 404 1660 547
428 1618 493 1682 sqq.
956 1600 958 1606 '

177 1681 265 1744 Inter
286 1681 343 1744 bos
357 1681 478 1744 ¹eminet

177 1763 245 1851 (52)
268 1764 338 1826 Fl.
375 1762 457 1828 San
466 1764 646 1850 pallensi
655 1787 670 1828 s
685 1764 746 1827 Nr.
762 1763 834 1844 635,
850 1785 874 1826 s.
899 1763 985 1827 VIII.
997 1763 1058 1844 IX,
1077 1763 1205 1830 membr.

78 1847 158 1932 fol,
174 1849 317 1912 omnium
332 1849 389 1932 qui
403 1850 524 1934 intepri
538 1857 666 1912 eustant
681 1849 929 1933 antiquissimus
943 1848 1076 1934 ideoque
1090 1849 1206 1932 mapni

77 1930 275 2016 faciendus.
307 1931 459 2016 Scriptus
477 1932 613 1997 diuersis
628 1931 790 2013 manibus,
810 1953 949 2017 quarum
971 1933 1151 2016 specimina
1168 1931 1205 1994 in

89 2015 224 2082 tab.III.
237 2015 311 2078 edit.
317 2039 371 2078 ma
380 2017 394 2077 ⁸.
402 2015 558 2097 dedimus,
565 2015 787 2102 proculdubio
799 2013 939 2080 inItalia
950 2014 1205 2100 septentrionali,

78 2097 229 2184 fortasse
255 2038 446 2180 Mediolani,
473 2101 512 2165 de
533 2103 628 2187 cujus
650 2101 730 2164 derce
751 2099 796 2180 II,
817 2099 867 2163 32.
896 2098 965 2162 alia
986 2123 1089 2164 manu
1111 2099 1206 2162 addi·

90 2192 266 2247 tamentum
277 2182 411 2266 factum
433 2193 497 2266 est;
518 2186 555 2248 in
576 2185 809 2248 monasterium
821 2183 1035 2281 Sangallense
1053 2192 1129 2266 post
1142 2205 1204 2246 me·

19 2313 20 2318 ,
90 2267 184 2331 dium
212 2266 377 2331 saeculum
398 2267 454 2330 IX.
476 2267 692 2332 translatus¹.
730 2267 859 2330 Indices
881 2265 958 2329 libri
979 2267 1006 2345 I,
1029 2267 1074 2328 II.
1097 2275 1125 2330 et
1155 2267 1205 2330 VI.

89 2351 213 2431 omissi,
235 2359 313 2434 post
340 2351 406 2431 IV,
434 2351 464 2414 4.
495 2353 594 2436 liujus
622 2349 700 2414 libri
728 2358 922 2434 arqumenta
946 2351 1094 2431 repetita,
1123 2371 1206 2433 quae

88 2433 173 2498 libro
196 2434 228 2498 V.
244 2435 489 2518 praemittenda
515 2442 609 2497 erant
629 2434 666 2496 in
688 2432 773 2496 calce
795 2431 968 2496 voluminis
986 2433 1099 2515 posita
1121 2441 1205 2495 sunt.

98 2518 270 2582 Verborum
296 2516 460 2580 scribendi
486 2519 573 2581 ratio
595 2538 634 2580 ea
661 2515 769 2600 qualis
790 2517 827 2580 in
849 2517 1060 2579 monumentis
1083 2515 1207 2579 saeculi
1300 2525 1303 2531 '

96 2600 184 2680 VIII,
196 2601 391 2684 praesertim
401 2599 537 2681 Italicis,
554 2599 807 2684 deprehenditur
812 2623 825 2682 ,·
841 2608 954 2664 contra
972 2601 1206 2684 qrammaticae

90 2681 177 2768 leues
206 2685 339 2828 saepius
364 2693 533 2768 peccatum
559 2693 613 2766 est,
640 2706 738 2770 quam
759 2685 827 2767 ipsi
848 2682 952 2747 Paulo
975 2683 1012 2746 id
1034 2685 1205 2768 contipisse

89 2776 233 2830 statuere
266 2769 327 2830 icet
332 2789 344 2848 ;
367 2790 433 2832 non
454 2790 532 2832 raro
548 2771 644 2833 etiam
659 2767 794 2854 simpulo
808 2767 966 2832 vocabula
981 2764 1028 2832 uel
1041 2768 1205 2854 longiores

90 2850 259 2914 verborum
281 2852 378 2914 series
400 2853 528 2919 omissa.
573 2849 697 2926 Quibus
717 2852 844 2916 randis
860 2859 977 2936 postea
999 2849 1063 2916 alii
1083 2852 1206 2916 mederi

90 2937 204 2999 conati
231 2943 323 3014 sunt,
344 2937 473 3019 partim
503 2935 580 3000 aliis
605 2935 780 3016 codicibus,
802 2937 999 3021 praesertim
1027 2933 1083 2999 illo
1114 2957 1204 3021 quem

93 3017 122 3082 θ
139 3019 155 3081 1
178 3019 427 3100 nominavimus,
450 3019 568 3105 adjuti,
588 3021 714 3104 partim
735 3042 808 3084 uero
829 3021 911 3084 satis
925 3019 1103 3100 temerarie,
1125 3029 1154 3083 et
1168 3019 1206 3083 id

89 3111 217 3166 tantum
239 3103 410 3183 studentes,
436 3113 472 3167 ut
493 3105 598 3168 'verbis
618 3103 757 3168 rudibus
786 3125 915 3167 sensum
943 3103 1205 3202 qualemcumque

21 3243 24 3248 .
94 3185 265 3268 inferrent.
310 3185 455 3251 Codicem
469 3189 544 3273 jam
566 3210 588 3250 a
608 3188 813 3252 Betbmanno
836 3187 1027 3269 adhibitum,
1051 3209 1072 3249 a
1102 3187 1134 3251 V.
1160 3186 1204 3253 Cb.

90 3269 254 3352 Zardetti,
288 3269 492 3335 bibliothecae
514 3270 745 3357 Sauqallensis
762 3269 945 3372 praefato,
976 3270 1122 3335 benevole
1144 3271 1205 3334 Be·

90 3353 234 3418 rolinum
261 3355 498 3436 transmissum,
526 3378 653 3419 summa
680 3354 855 3502 diligentia
883 3357 1000 3419 iterum
1027 3357 1204 3440 iterumque

87 3439 230 3502 excussi.
256 3435 306 3522 Cf·
327 3439 371 3502 N.
393 3439 493 3503 Arclt.
515 3429 597 3524 I,p.
619 3437 743 3504 tut—5
765 3437 794 3501 2.

68 3532 71 3540 ’
176 3521 244 3610 (53)
266 3521 299 3584 F
307 3522 351 3584 *1.
385 3521 580 3588 Gotbana
597 3521 803 3622 fragmenta,
828 3522 955 3586 membr.
977 3521 1023 3601 II,
1045 3521 1107 3584 Nr.
1134 3521 1203 3602 191,

92 3604 158 3668 duo
171 3603 264 3688 folia
286 3628 307 3668 a
328 3615 505 3692 teyumento
526 3606 603 3670 libre
625 3607 798 3690 cujusdam
812 3606 929 3686 soluta,
951 3605 1058 3669 media
1074 3614 1203 3690 quater·

92 3688 214 3768 aionis,
236 3689 351 3774 quibus
373 3691 497 3776 enipua
514 3711 600 3775 pars
620 3690 720 3754 Pauli
743 3690 805 3772 (II,
827 3689 869 3754 22
890 3691 956 3754 inc.
980 3725 1019 3738 -
1041 3688 1082 3752 28
1103 3689 1203 3769 racd.)

88 3773 283 3853 continetur,
305 3795 329 3836 s.
347 3773 403 3836 IX.
420 3776 556 3860 scripta.
591 3771 756 3848 Quaecum
777 3797 816 3838 ue
837 3773 897 3838 ΕΙ
908 3771 1099 3858 peculiaria
1110 3767 1205 3837 labet

91 3855 144 3920 bic
165 3878 290 3942 quoque
311 3861 532 3943 reperiuntur,
554 3859 647 3922 nouis
668 3798 794 3922 mectls
816 3857 983 3922 nonnullis
999 3866 1106 3921 aucta.
1140 3856 1204 3920 Ne·

96 4015 123 4083 1)
143 4015 179 4069 In
203 4021 321 4086 cataloqo
346 4019 471 4071 librorum
496 4018 711 4088 Sanqullensium
735 4020 782 4071 hoc
806 4027 919 4085 tempore
945 4018 1060 4087 confecto
1084 4019 1202 4071 nondum

89 4088 242 4153 indicatum
261 4093 296 4160 cf.
317 4092 353 4144 N.
372 4093 453 4144 Arcb.
473 4092 496 4156 1,
519 4110 550 4160 p.
571 4095 631 4148 549.
670 4093 705 4144 In
731 4093 783 4143 clio
809 4108 869 4144 uero
893 4091 988 4144 codicis
1014 4093 1075 4146 olim
1093 4092 1206 4144 Lasber-

90 4161 175 4232 pieni,
195 4181 266 4216 nunc
284 4166 313 4217 in
332 4165 486 4218 bibliotheca
504 4165 766 4235 Douauescbinpensi
785 4166 914 4217 asservati
933 4164 970 4231 (r.
984 4165 1101 4228 Baracle,
1119 4163 1203 4218 Galat.

95 4235 144 4288 Nr.
173 4238 233 4302 191,
258 4255 286 4305 p.
314 4239 387 4305 1⁷7),
413 4255 488 4305 quem
512 4238 541 4290 in
558 4241 715 4292 monasterio
740 4237 909 4306 Sarmaticum
934 4240 1078 4306 confectum
1097 4246 1206 4304 putant,

93 4310 212 4362 Historia
238 4313 474 4380 Langobardorum
499 4312 642 4376 iudicatur,
669 4312 815 4380 Serapeum
840 4311 918 4376 1840,
937 4329 968 4378 p.
994 4312 1037 4363 84.
1083 4311 1204 4364 Eundem

90 4383 250 4448 Bellunum,
271 4385 350 4438 Arcb.
369 4385 402 4451 X,
416 4403 446 4452 p.
467 4385 528 4450 318,
550 4385 770 4440 Constantiemem
790 4383 867 4438 diuit.

941 4488 956 4536 3
