2994 4998
227 419 336 470 PAULI
357 421 531 472 HISTORIA
550 419 884 474 LANGOBARDORUM.
922 422 993 472 LIB.
1012 423 1045 474 V.
1152 421 1203 472 201

92 595 148 666 est,
171 607 351 674 corpusque
373 585 456 650 illius
470 587 562 668 iuxta
582 585 748 650 basilicam
771 587 891 652 domini
907 587 1088 671 Salvatoris,
1112 611 1277 675 quamcssa

90 669 234 756 Aripert,
269 671 356 735 eiusa
388 670 521 756 genitor,
554 681 790 754 construxerat,
829 670 988 758 sepultum
1024 682 1080 741 est.
1132 675 1209 738 Fuit

90 763 198 818 autem
226 756 364 819 staturab
394 753 519 836 decens,
549 775 683 840 corpore
703 754 813 840 pleno,
844 757 929 821 mitis
957 779 1015 844 per
1042 757 1149 820 omnia
1178 770 1210 823 et

91 839 207 902 suavis.
251 840 295 902 At
315 861 391 904 vero
415 837 609 925 Ounincpert
630 861 689 903 rex
711 839 931 904 Hermalindac
959 841 1021 904 ex‘1
1044 838 1209 906 Saxonum

90 919 269 1007 Anglorum
301 945 417 1008 genere
449 923 543 988 duxit
574 945 718 988 uxorem.
778 923 890 1004 Quae⁰
924 946 998 988 cum
1031 925 1064 987 in
1096 924 1208 990 balneo

91 1005 322 1090 Theodotemf,
344 1005 482 1106 puellam
503 1029 545 1070 ex
565 1006 761 1072 nobilissimo
787 1009 1003 1072 Romanorum
1024 1031 1140 1094 genere
1163 1030 1210 1072 or-

90 1100 189 1173 tame,
223 1089 269 1156 ele
294 1101 359 1156 antr
386 1113 519 1177 corpore
552 1093 603 1156 oth
630 1090 722 1156 flavis
752 1091 950 1178 prolixisque
981 1114 1018 1156 ca
1041 1091 1102 1156 illis
1127 1115 1209 1191 pene

91 1175 209 1259 usquei
240 1114 292 1240 ad
336 1175 411 1240 edes
445 1175 627 1240 decoratam
656 1175 802 1258 vidisset,
844 1178 912 1240 eius
940 1115 1210 1261 pulcdritudrnem

91 1259 175 1321 suol
195 1259 264 1322 viro
297 1198 514 1345 Opuninoperto
547 1261 616 1345 regi
647 1258 800 1324 laudavit.
843 1261 908 1341 Qui
933 1258 973 1323 ab
1003 1263 1117 1324 uxore¹
1150 1261 1211 1324 hoc

90 1339 227 1406 libenter
240 1343 352 1408 audire
367 1343 580 1424 dissimulans,
602 1345 635 1406 in
650 1367 804 1429 magnum
822 1354 930 1408 tamen
945 1342 1068 1430 puellae
1092 1345 1211 1408 exarsit

89 1439 275 1510 amoremm3
304 1449 364 1490 neo
389 1448 494 1511 mora,
521 1437 693 1492 venatumn
721 1429 755 1490 in
783 1427 914 1492 silvam⁰
944 1450 1040 1514 quam
1068 1427 1210 1492 Urbem?

91 1509 253 1596 appellant
273 1511 415 1597 perrexit
436 1525 632 1610 secumqueq
654 1533 744 1575 suam
767 1513 951 1597 coniugemr
966 1511 1209 1576 Hermelindam

91 1595 200 1658 venire
214 1597 387 1680 praecepit.
425 1595 490 1674 Qui
512 1595 628 1660 exmde
642 1605 741 1660 noctu
755 1595 930 1681 egrediens,
953 1595 1099 1659 Ticinum
1115 1595 1210 1676 venit,

92 1687 124 1742 et
145 1677 206 1741 ad³
235 1701 268 1742 se
296 1679 492 1743 Theodotem
513 1678 651 1764 puellam
673 1681 781 1744 venire
803 1679 931 1761 faciens,
959 1701 1031 1742 cum
1055 1683 1110 1744 eat
1138 1701 1211 1743 oon-

91 1761 212 1828 oubuit.
256 1764 361 1844 Quam
382 1772 490 1827 tamen
504 1771 615 1849 postea
636 1765 669 1826 in
691 1765 927 1844 monasterium,
950 1763 1036 1849 quod
1051 1764 1113 1828 deu
1128 1762 1211 1827 illius

90 1847 219 1910 nomine
239 1847 344 1910 intrav
366 1847 514 1911 Ticinum
535 1869 575 1933 ap
601 1846 730 1912 ellatum
754 1857 826 1930 esu,
849 1849 943 1912 misit.
1192 1909 1195 1916 ,

175 1930 225 1994 38.
269 1929 380 1995 Alahis
402 1953 478 1995 vero
493 1931 557 1995 iam
572 1869 693 1996 dudum
709 1941 898 2018 conceptam
920 1933 1119 2018 iniquitatem
1164 1953 1212 1994 ar-

89 2015 220 2097 turiens,
242 2015 457 2080 adnitentibus
475 2014 599 2081 Aldone
622 2027 653 2081 et
675 2014 863 2080 Grausonew
886 2016 1056 2080 Brexianis
1078 1955 1210 2096 civibus,

91 2097 149 2162 sed
171 2109 202 2162 et
223 2097 292 2164 aliis
314 2098 421 2164 multis
444 2123 485 2164 ex
506 2099 737 2184 Langobardis,
767 2099 884 2164 oblitus
913 2110 1097 2163 tantorumx
1117 2099 1212 2163 bene-

90 2181 237 2246 ficiorum
272 2205 353 2268 quae
382 2184 417 2246 in
449 2205 523 2246 eum
554 2205 613 2246 rex
643 2182 840 2281 Ounincpert
868 2182 1065 2268 inpenderat,
1095 2181 1211 2246 oblitus

92 2265 189 2328 etiam
210 2265 430 2329 iusiurandum
453 2278 541 2351 quot
557 2268 586 2330 ei
601 2289 634 2329 se
656 2265 874 2330 fidelissrmum
896 2288 964 2330 esse
987 2265 1211 2350 spoponderat,

93 2369 167 2412 cum
200 2347 397 2434 Ouninopert
428 2351 581 2432 abessen,
614 2371 750 2433 regnum
783 2350 851 2414 eius
884 2359 915 2413 et
943 2348 1096 2434 palatium
1129 2349 1213 2412 intra

92 2431 241 2496 Ticinum
255 2434 394 2519 positum
415 2433 540 2497 invasit.
583 2433 678 2514 Quod
699 2432 822 2498 Ouninc
847 2443 894 2497 ert
908 2433 964 2498 ubi
978 2443 1046 2498 erat
1066 2431 1209 2514 audiens,

93 2517 222 2579 statimr
243 2517 286 2581 ad
307 2515 453 2598 insulam,
477 2538 558 2616 quae
579 2519 663 2581 intra
691 2516 796 2580 lacum
817 2455 968 2580 lariumb
990 2538 1054 2580 non
1075 2516 1170 2600 longe
1193 2539 1213 2580 a

93 2598 213 2664 Oomo⁰
235 2613 292 2684 est,
315 2600 457 2685 confugit
486 2601 595 2686 rbique
624 2603 682 2666 set¹
704 2601 826 2666 fortiter
853 2601 1069 2666 communivit.
1112 2601 1212 2665 Facta

93 2694 142 2748 est
163 2696 270 2749 autem
291 2707 344 2748 ma
368 2707 410 2748 na
437 2683 599 2750 tribulatio
629 2686 776 2751 omnibus
805 2686 859 2770 qui
881 2709 954 2750 eum
976 2683 1161 2770 diligebant,
1182 2694 1214 2748 et

91 2769 233 2832 maxime
255 2790 326 2832 sace
367 2769 471 2834 otibus
494 2779 526 2834 et
547 2768 677 2852 clericis,
700 2791 779 2855 quos
802 2791 911 2833 omnes
932 2768 1064 2833 Alahis⁰
1094 2790 1210 2833 exosos

92 2850 240 2916 habebat.
282 2853 362 2917 Erat
388 2862 496 2918 autern
525 2875 562 2918 eo
584 2865 728 2940 ternpore
755 2854 932 2918 Ticinensis
964 2852 1115 2917 ecclesiae
1146 2855 1210 2938 epi·

93 2957 208 3084 scopus
223 2937 273 3002 vir
282 2937 416 3000 Domini
430 2937 619 3020 Damianus,
632 2938 798 3002 sanctitate
813 2938 1013 3024 praecipuus,
1029 2935 1213 3002 liberalibus

92 3029 153 3084 artr
176 3043 213 3085 us
236 3021 430 3086 sufficienter
449 3023 630 3087 instructus.
673 3022 705 3086 Is
729 3043 799 3086 cum
815 3021 926 3086 Alabis
948 3021 1102 3107 palatium
1123 3022 1212 3086 inva-

92 3105 170 3168 sisse
190 3107 373 3192 respiceret,
394 3105 452 3170 nef
474 3105 551 3192 quid
565 3105 605 3170 ab
622 3127 659 3170 eo
674 3106 743 3192 ipse
758 3104 811 3170 vel
826 3117 906 3170 suat
921 3103 1055 3170 ecclesia
1069 3104 1211 3170 adversih

92 3265 115 3318 a)
132 3269 187 3307 dccet
202 3269 220 3308 F
237 3271 248 3308 1
265 3268 324 3322 (poa
340 3280 391 3318 gon.
407 3267 496 3320 sappi).
514 3269 535 3310 G
552 3270 571 3311 2.
589 3269 610 3309 3.
678 3267 701 3321 b)
719 3274 828 3310 staturam
845 3271 924 3310 decem
940 3271 958 3308 F
976 3272 995 3310 1.
1064 3266 1084 3319 c)
1101 3269 1132 3307 ita
1148 3268 1168 3308 A
1185 3271 1210 3318 13

91 3326 229 3368 Ermelmda
245 3327 265 3368 G
282 3329 306 3378 ἲς
329 3329 503 3370 Hormeltndam
526 3327 548 3368 A
565 3331 585 3370 2.
604 3328 627 3368 G.
643 3329 673 3368 D.
690 3329 715 3370 F.
734 3328 754 3369 G
771 3331 797 3378 43
820 3329 994 3368 Hermilendam
1009 3328 1029 3368 A
1045 3329 1072 3376 43
1095 3328 1210 3368 Ermelin-

91 3386 144 3425 dam
159 3387 178 3424 B
195 3389 221 3436 23
237 3385 415 3429 Hermelendam
431 3389 449 3428 11
467 3390 493 3438 1;
509 3388 683 3428 Hermlzindam
700 3387 785 3440 (postea
800 3385 908 3438 Hermil.)
925 3387 946 3426 A
962 3388 984 3426 8.
1030 3385 1053 3437 d)
1071 3389 1093 3424 et
1107 3386 1128 3425 A
1144 3387 1165 3427 1.
1184 3407 1210 3416 -

93 3443 207 3484 Sasonum
230 3443 298 3495 0⁸13
321 3457 447 3486 exasonnm
468 3446 611 3493 Angulorum
636 3447 702 3499 (corr.
718 3444 853 3496 Anglorum)
878 3446 895 3487 G
913 3447 932 3487 1.
1007 3444 1028 3496 e)
1045 3445 1129 3492 reliqua
1144 3455 1213 3493 aeque

92 3503 122 3541 cd
132 3503 199 3553 finem
213 3503 263 3542 libri
278 3515 318 3544 om.
335 3505 356 3544 A
371 3501 402 3546 *4.
468 3504 487 3556 f)
503 3505 646 3546 Theodoram
663 3505 680 3545 O
698 3506 717 3545 1.
736 3507 758 3546 2.
776 3505 796 3545 G
812 3505 846 3546 bc.
863 3505 875 3544 I
892 3507 916 3554 13
933 3505 1055 3545 Teudoten
1072 3503 1092 3544 G
1109 3502 1211 3552 33'1‘eu-

94 3562 170 3601 dotam
194 3560 215 3602 G
230 3559 259 3600 ⁸5.
334 3561 357 3614 g)
375 3567 425 3603 orta
441 3562 461 3604 G
477 3565 504 3612 23
529 3567 632 3603 ornatam
649 3563 666 3604 G
684 3564 747 3603 1-3.
764 3564 775 3603 1
793 3565 812 3614 1,
835 3575 892 3606 corr.
917 3567 989 3602 ortam
1013 3564 1034 3602 D
1051 3564 1071 3602 1.
1099 3584 1124 3592 -
1145 3563 1176 3602 el.
1193 3573 1212 3602 c.

93 3619 136 3661 das.
155 3618 175 3659 G
190 3620 216 3669 43
240 3621 271 3662 el.
289 3643 315 3650 -
330 3623 426 3662 vidisset
447 3622 471 3660 in
486 3632 553 3672 mara.
570 3623 640 3671 suppl.
665 3623 686 3662 D
704 3623 724 3664 1.
792 3621 815 3674 h)
830 3623 885 3662 tear
900 3623 947 3663 Ἠ
972 3621 1031 3675 (post
1046 3617 1136 3670 capnt).
1154 3619 1175 3662 G
1191 3621 1211 3660 2.

93 3677 111 3732 i)
127 3690 151 3718 u.
169 3679 255 3717 adda.
272 3678 324 3720 Gt.
399 3678 424 3730 k)
440 3681 558 3720 dccstli'l.
575 3679 677 3720 (sa-4.
703 3701 728 3711 ·-
754 3681 803 3720 viro
820 3682 875 3720 deest
891 3680 941 3722 ot.
1016 3679 1034 3732 1)
1051 3689 1147 3720 uxorem
1163 3679 1210 3720 01.

96 3761 122 3768 -
138 3739 182 3778 hoc
197 3738 252 3776 dem
269 3737 290 3778 G
305 3738 325 3780 5.
392 3737 424 3790 m)
441 3749 518 3779 amore
536 3737 556 3780 G
572 3740 591 3778 2.
668 3736 692 3791 n)
709 3741 763 3779 deest
786 3739 806 3778 A
823 3741 843 3780 3.
920 3737 942 3791 o)
960 3740 1018 3779 silva
1041 3738 1061 3778 A
1078 3740 1098 3780 3.
1117 3737 1212 3778 (12.3.

8 3793 10 3798 '
93 3794 118 3849 p)
134 3796 221 3838 Urbem
238 3792 297 3837 G‘5.
335 3797 359 3851 q)
376 3799 719 3849 secumque-praecepitdes.
735 3800 764 3839 D.
803 3797 823 3852 r)
840 3809 882 3840 sua
898 3797 1056 3846 coniugeGS.
1102 3795 1122 3847 s)
1139 3795 1211 3837 aGt.

92 3854 110 3908 t)
126 3853 204 3908 h(a)ec
227 3856 281 3895 Pl.
307 3855 400 3898 (12.8.
418 3853 453 3906 ’ὃς
483 3857 526 3896 hac
550 3857 570 3898 G
585 3857 608 3898 4.
699 3855 723 3908 u)
740 3858 801 3906 quod
823 3859 886 3898 illius
909 3868 995 3898 nomen
1018 3858 1075 3906 r1;
1103 3867 1125 3904 q.
1149 3855 1212 3895 illlus

93 3916 187 3955 nomine
204 3913 224 3955 G
240 3915 260 3954 2.
321 3913 344 3966 v)
361 3915 376 3955 i.
393 3915 419 3955 Τ.
436 3917 478 3954 das.
495 3915 522 3957 G.
581 3914 611 3967 w)
629 3915 733 3958 Grasone
749 3919 798 3969 Al,
815 3928 872 3957 corr.
889 3915 1009 3957 Gransone
1024 3917 1045 3955 D
1062 3917 1087 3965 13
1104 3914 1213 3956 Gausone

93 3973 114 4014 A
131 3976 156 4024 23
172 3973 316 4014 Grannonem
331 3975 350 4013 F
368 3977 387 4014 1.
448 3973 472 4026 x)
489 3978 605 4015 tantorum
622 3997 648 4005 —
665 3976 801 4026 inpenderat
815 3977 858 4016 das.
877 3974 897 4016 G
912 3971 948 4024 *53
963 3976 1001 4014 hoc
1017 3975 1062 4014 loco
1074 3974 1145 4024 perpit
1162 3973 1211 4014 Gl.

94 4031 118 4086 y)
135 4035 232 4083 qnodA
248 4034 268 4074 2.
287 4033 307 4075 θ.
323 4035 343 4074 Β
360 4035 380 4074 2.
404 4033 432 4073 F.
450 4033 476 4074 G.
552 4033 573 4086 z)
590 4035 679 4075 abesset
704 4057 729 4064 -
754 4035 820 4082 Quod
835 4036 878 4074 des.
903 4033 958 4074 01.
1035 4032 1056 4085 a)
1072 4035 1126 4072 deest
1143 4031 1167 4074 G.
1182 4034 1211 4075 D.

94 4091 118 4142 b)
133 4093 245 4142 Largium
261 4091 282 4134 G
298 4093 320 4134 4.
382 4089 401 4144 c)
418 4092 506 4140 Quomo
522 4093 540 4133 F
559 4095 583 4142 13
600 4093 671 4134 Gumo
687 4094 706 4133 F
721 4095 743 4135 4.
761 4093 782 4134 G
798 4095 863 4135 1-4.
879 4093 891 4133 Ι
907 4095 928 4134 1.
944 4093 999 4143 ΙιΙς
1017 4092 1089 4133 Cuma
1105 4091 1126 4133 G
1141 4092 1176 4134 5³.
1187 4103 1213 4142 ος

95 4151 179 4194 Gumor
195 4149 268 4202 G⁸53
294 4152 478 4193 commacinaD
495 4153 520 4202 33
546 4153 613 4192 domo
629 4153 651 4193 H
667 4153 686 4192 1.
763 4151 817 4205 dlf.
835 4164 860 4194 se
882 4149 949 4192 A’s.
1019 4150 1041 4204 e)
1058 4151 1212 4203 AlrnisG13

95 4211 148 4250 aliis
164 4223 221 4253 corr.
238 4212 278 4251 sni
294 4211 314 4252 G
331 4213 350 4252 2.
368 4233 394 4241 -
412 4222 431 4252 e.
448 4211 564 4252 habebant
581 4211 601 4252 G
617 4213 636 4254 1.
656 4213 676 4253 2.
742 4210 760 4263 ι’)
777 4223 821 4252 noc
836 4211 857 4251 A
874 4214 894 4254 1.
912 4213 933 4254 1.
950 4213 971 4250 4.
987 4210 1008 4252 5.
1025 4213 1045 4252 6.
1062 4211 1142 4252 PM.
1160 4210 1208 4253 Gl.

95 4269 149 4320 &43
165 4271 223 4320 quod
237 4271 261 4310 in
276 4271 388 4322 archetypo
398 4270 470 4320 fiabra
482 4271 694 4320 putarim-quod
709 4269 757 4314 Aa
789 4269 812 4322 g)
830 4282 869 4330 rue
886 4269 1047 4334 ecclesipAt.
1077 4268 1102 4322 h)
1119 4268 1213 4316 aestu,

95 4391 121 4455 1)
142 4388 333 4442 Monartcriam
352 4407 374 4442 s.
394 4389 498 4444 Mariae
521 4391 668 4456 Theodotir',
687 4391 765 4460 culpo
784 4407 854 4442 nunc
873 4391 944 4444 della
963 4390 1090 4442 Postcrla.
1111 4391 1157 4444 BI.
