2994 4998
458 1281 826 1380 *APPENDIX

84 1513 87 1520 .
201 1487 228 1544 1.
269 1486 523 1544 CATALOGUS
544 1489 881 1545 PROVINCIARUM
902 1489 1088 1547 I'PALIAE.

172 1597 214 1660 In
236 1598 342 1662 codiee
365 1598 569 1663 bibliothecae
590 1601 701 1686 repiae
718 1601 920 1664 Matritensis
935 1601 974 1665 A.
993 1601 1042 1681 16,
1063 1622 1145 1664 saec.
1162 1600 1202 1680 X,

87 1683 174 1744 inter
195 1683 326 1746 aariao
352 1704 411 1746 era
425 1683 664 1768 chronologica,
687 1685 910 1770 peopraplrica
933 1682 1063 1769 aliaque
1085 1683 1201 1766 (Arclc.

97 1765 191 1846 VIII,
207 1788 245 1849 p.
270 1705 464 1850 idipsam
488 1767 557 1830 190.
588 1767 691 1831 brevis
719 1767 840 1852 leqitar
866 1767 984 1832 Italiae
1012 1767 1201 1851 descriptio,

87 1851 183 1996 {tt
202 1847 549 1998 eieiibriialdi
569 1851 864 2000 lttttitttt
892 1851 1202 2000 linbill'adii

85 2017 141 2080 sed
164 2019 240 2102 jaon
260 2017 446 2082 Betbrnann
475 2019 573 2098 cidit,
610 1959 714 2083 Picto
742 2022 944 2083 vetustiorem
971 2043 1041 2082 earn
1051 1958 1138 2099 Mssa,
1161 1985 1200 2083 ab

84 2100 141 2164 illo
163 2103 371 2184 conscriptam,
394 2101 566 2165 laudatam
582 2102 644 2184 (II,
660 2103 718 2182 20)
734 2111 763 2166 et
778 2103 1002 2167 additionibus
1017 2124 1057 2165 eoa
1071 2102 1200 2167 Isidoro

4 2227 6 2252 ,
80 2181 272 2268 pleramque
295 2184 422 2247 baastis
451 2193 590 2248 anetam.
633 2186 783 2248 Attamen
805 2186 1100 2269 Lanpobardorarn
1128 2195 1200 2248 tenr-

79 2288 181 2350 pore,
216 2268 411 2330 monasterio
440 2267 597 2331 Bobiensi
615 2268 764 2351 fandata
795 2275 810 2351 (
812 2268 873 2332 613
874 2273 901 2350 ),
942 2293 1008 2334 cona
1034 2271 1116 2332 osita
1145 2279 1198 2332 est.

86 2349 224 2414 Saeculo
240 2351 295 2413 XI.
319 2349 429 2414 Gaido
451 2352 537 2414 inter
559 2351 677 2415 Varias
700 2353 853 2416 historias
869 2352 984 2434 (Arci.
1048 2351 1075 2433 I,
1115 2352 1198 2416 .537

85 2439 150 2516 s.)
173 2434 378 2514 Betbrnanno
400 2443 474 2498 teste
496 2457 567 2498 earn
594 2457 663 2498 rece
688 2437 714 2497 it
736 2435 810 2520 (fol.
833 2436 861 2499 l.
885 2436 953 2500 cod.
975 2375 1200 2500 Brundiensis

85 2457 149 2581 dr.
164 2515 401 2599 3897-3918),
430 2517 597 2582 nonnullis
620 2542 641 2583 a
666 2520 744 2585 ditis
764 2520 813 2584 ael
833 2522 980 2602 natatis,
1006 2543 1089 2606 qaae
1111 2542 1199 2585 nnnc

85 2602 132 2666 ad
153 2625 272 2666 manas
294 2623 360 2665 non
372 2599 525 2686 fuerant.
1030 2602 1068 2670 G.
1090 2604 1136 2668 W.

345 2757 445 2822 Item
467 2755 512 2820 de
533 2759 762 2843 provinciis
783 2757 937 2824 Italiae.

167 2878 275 2942 Prima
300 2877 466 2962 provincia
494 2877 638 2942 Venetia.
691 2878 794 2944 Sunia
821 2879 916 2943 huius
937 2879 1090 2944 Venetiae
1116 2881 1198 2945 infra

82 2961 245 3026 Veronam
266 2971 298 3024 et
318 2960 542 3025 Vincentiamb
565 2963 731 3027 Patavium
755 2985 795 3028 ue
810 2973 841 3028 et
854 2963 1020 3030 Mantuam
1042 2965 1196 3047 civitatee,

83 3067 140 3110 seu
162 3056 194 3110 et
214 3044 302 3108 alias.
346 3044 410 3110 Sed
432 3045 514 3109 inter
535 3067 644 3110 omnes
659 3047 712 3133 Aq
759 3049 808 3112 eia
829 3047 942 3110 civitas
964 3049 1069 3112 extitit
1089 3058 1195 3136 caput,

105 3151 141 3194 ro
157 3129 328 3216 quamodo
343 3150 429 3193 nunc
444 3128 585 3193 Foroiuli
599 3131 644 3194 ita
665 3130 785 3196 dietum
805 3141 861 3213 est,
884 3131 970 3216 quod
983 3131 1082 3196 Iulius
1098 3131 1197 3198 Cesar

81 3153 187 3278 lbrum
200 3213 424 3296 negotiationis
446 3213 492 3276 ibi
514 3223 674 3278 statuerat.

167 3298 316 3364 Secunda
347 3297 511 3395 propincia
537 3297 684 3382 Liguria3
721 3299 755 3361 in
789 3319 852 3384 qua
881 3307 928 3362 est
962 3297 1194 3381 Mediolanum,

82 3381 246 3462 Ticinum,
275 3403 356 3465 quae
384 3379 445 3444 aho
471 3383 598 3446 nomine
619 3383 666 3446 Pa
690 3383 720 3446 ia
744 3405 784 3467 ap
810 3379 930 3445 ellatur.
976 3381 1067 3446 Haeo
1092 3404 1195 3468 usque

82 3463 124 3526 ad
138 3455 422 3548 Langobardorum
443 3464 522 3528 fines
543 3405 751 3550 protenditur.
787 3405 881 3528 luter
908 3464 990 3528 hano
1013 3474 1044 3528 et
1064 3465 1193 3530 Alama-

83 3568 194 3610 norum
224 3548 360 3630 patriam
388 3545 450 3612 due
471 3549 639 3694 provincie
662 3557 743 3630 sunt,
772 3548 807 3611 id
828 3558 876 3612 est
896 3549 1011 3633 Reptia
1037 3551 1195 3633 primast

82 3630 198 3716 Reptia
213 3629 361 3712 secunda,
376 3631 458 3696 inter

81 3713 226 3778 habitare
247 3725 429 3779 noscuntur.

167 3797 275 3862 Tertia
295 3800 461 3884 provincia
475 3797 574 3884 Alpes
590 3799 701 3864 Ostiae
723 3799 879 3864 dicuntur.
922 3798 1015 3862 Hanc
1028 3820 1048 3861 a
1061 3798 1194 3883 Liguria

79 3883 114 3944 in
136 3903 247 3946 eorum
267 3903 377 3946 versus
399 3905 436 3946 us
461 3905 501 3947 ue
523 3883 564 3946 ad
585 3906 672 3947 mare
693 3883 871 3968 Tynenum
893 3881 1073 3946 extenditur
1101 3894 1131 3947 et
1151 3883 1194 3948 ab

81 3965 213 4030 occiduo
243 3965 360 4030 finibus
393 3905 557 4031 Gaborum
590 3977 788 4053 conputatur.
836 3967 875 4029 ln
901 3965 961 4030 hac
988 3965 1107 4052 Aquis,
1136 3967 1193 4030 ubi

502 3631 570 3718 lpes
592 3633 780 3715 consistunt3
802 3632 836 3694 in
851 3631 966 3717 quibus
980 3634 1108 3717 proprie
1122 3633 1194 3698 Reti

80 4072 183 4135 aquae
205 4047 326 4114 calidae
348 4058 435 4132 sunt,
459 4061 489 4115 et
511 4051 654 4115 civitates
673 4051 816 4115 Dertona
838 4060 869 4114 et
890 4051 1116 4114 monasterium
1131 4050 1192 4115 Bo-

80 4135 178 4216 vium,
201 4132 317 4198 Genua
338 4144 369 4199 et
391 4135 497 4200 Saona
517 4133 682 4199 habentur.

165 4220 287 4299 Quarta
313 4220 479 4304 provincia
507 4219 623 4284 Tuscia
645 4229 701 4286 est.
751 4217 840 4282 Haeo
861 4217 957 4282 habet
975 4220 1058 4285 intra
1079 4241 1112 4283 se
1133 4220 1191 4282 cir-

80 4379 104 4432 a)
121 4377 148 4430 a;
163 4382 208 4424 cod.
268 4378 292 4432 b)
308 4392 360 4424 uno.
376 4392 394 4424 a.

903 4466 958 4516 16*
