3040 5014
269 391 306 440 40
501 385 609 438 PAULI
629 383 802 436 HISTORIA
820 382 1154 436 LANGOBARDORUM.

272 557 334 638 asi,
357 564 393 620 at
414 577 484 620 eam
500 556 614 640 potins
636 549 831 634 deformasse
852 573 950 634 qaam
963 551 1146 616 reddidisse
1160 553 1227 616 sint
1240 552 1384 616 dicendi.

273 640 401 704 Horam
422 661 547 723 qnoque
569 635 737 721 complara
759 655 880 720 genera
901 635 1125 700 discernamus
1147 645 1278 721 oportet.

288 783 291 788 .
363 723 469 787 Unam
490 722 558 807 (H)
582 717 627 784 ad
650 717 792 784 Galliam
809 721 987 804 pertinens.

357 804 425 892 (81)
443 807 520 870 Hl.
561 805 788 868 Vaticanus
802 805 971 888 reginae
989 802 1387 886 CaristiaeeNr.905,

274 889 349 954 olim
370 889 406 955 S.
428 891 559 954 Mariae
588 888 867 968 Pontiniacensis,
905 887 1032 954 membr.
1063 910 1088 951 s.
1116 887 1209 951 XIII.
1246 889 1293 952 in.
1318 888 1386 974 foi.

272 973 392 1038 Eodem
422 973 584 1039 notamine
616 973 839 1036 continentur:
873 971 992 1052 Dares,
1024 971 1175 1036 Historia
1196 971 1388 1056 Apollonii,

273 1058 431 1122 Ademari
454 1059 592 1122 historia
606 1055 821 1135 Danaorum,
843 1055 996 1140 Haponis
1010 1053 1230 1120 Floriacensis
1245 1057 1388 1122 historia

272 1142 499 1222 ecclesiastica,
534 1141 670 1206 nomina
699 1139 888 1224 regionam,
914 1141 1058 1202 civitates
1085 1138 1224 1204 Galliae.
1261 1141 1341 1204 Inde
1366 1164 1391 1205 a

273 1223 355 1290 libro
379 1227 442 1290 III.
488 1225 656 1289 raesertim
678 1221 818 1287 codicem
839 1221 954 1286 classis
979 1221 1179 1308 Cseqnitar.

350 1309 425 1456 }82)
497 1311 546 1372 1³.
580 1307 784 1372 Romanas
809 1303 1090 1372 Uorsinianas
1111 1307 1174 1371 Nr.
1190 1306 1261 1388 863,
1283 1309 1390 1372 chart.

273 1415 297 1456 s.
320 1393 354 1455 X
377 1393 408 1458 V.
461 1392 661 1456 Ademaram
693 1399 721 1454 et
752 1389 894 1453 Paulam
925 1412 964 1455 eoa
997 1391 1037 1454 H
1048 1391 1063 1454 1
1098 1392 1276 1476 descriptos
1309 1413 1390 1474 esse,

266 1477 435 1563 judicavit
455 1477 649 1540 Betlemann.

315 1559 427 1708 XHH)
451 1561 490 1622 H
499 1558 528 1622 2.
578 1559 796 1624 Vaticanus
818 1557 879 1621 Nr.
898 1557 989 1638 1795,
1010 1558 1137 1623 membr.
1149 1557 1214 1643 fol.
1237 1581 1262 1622 s.
1284 1559 1376 1622 XIII
1374 1582 1390 1642 ;

180 1663 220 1719 ’μ
235 1665 300 1710 ros.
396 1691 403 1706 .

435 1643 594 1708 Foroiiuii
616 1650 832 1722 asservatasl,
855 1643 984 1724 *antea,
1007 1651 1043 1704 at
1056 1643 1195 1724 videtar,
1219 1644 1327 1708 meets
1348 1646 1388 1708 in

277 1725 421 1792 Gallim.
456 1727 565 1791 Etiam
588 1727 638 1791 liic
654 1726 761 1790 Dares
783 1735 811 1787 et
827 1725 1010 1790 Ademaras
1025 1726 1164 1790 Paulam
1186 1727 1391 1809 antecedant,

275 1820 455 1896 sequantur
477 1811 616 1874 historia
637 1809 833 1892 Aienandri,
857 1809 1028 1874 Tractatas
1049 1811 1088 1874 de
1110 1809 1237 1875 Sibiliis
1260 1809 1389 1894 (Sibille

275 1893 463 1980 generaliter
485 1915 593 1958 omnes
615 1892 707 1979 spa),
729 1893 861 1959 Roberti
883 1894 1021 1957 historia
1043 1893 1349 1981 Hierosolymitana.

359 1979 546 2066 (84)·H3.
596 1979 803 2042 Romanas
835 1975 1155 2042 Oasanatensis⁸
1191 1977 1238 2059 Α,
1269 1980 1300 2060 Ι,
1334 1981 1386 2062 21,

273 2062 401 2127 membr.
431 2086 454 2126 s.
483 2062 577 2132 XIII.
594 2060 659 2146 fot.
703 2061 778 2125 Post
806 2061 967 2142 Darden,
995 2062 1177 2126 Historiam
1207 2063 1389 2147 Apollonii,

273 2147 456 2212 Historiam
468 2145 764 2232 Lanpobardoram
779 2143 933 2230 legantur
947 2147 1116 2230 epitaphia
1127 2146 1286 2210 Ladovici
1300 2148 1389 2232 repis

272 2241 300 2295 et
319 2231 469 2312 aliorum,
486 2231 602 2294 Passio
622 2230 759 2294 Itomae
780 2228 1038 2310 Cantauriensis,
1061 2230 1248 2296 Translatio
1266 2231 1300 2296 S.
1317 2231 1387 2297 Ste-

192 2337 195 2342 *
268 2315 390 2400 pleoni,
420 2317 491 2380 Vita
514 2314 549 2380 S.
573 2315 750 2379 Leonardi.

273 2441 301 2510 1)
326 2442 489 2508 Ultimofolio
500 2442 564 2494 ltaec
573 2443 707 2509 depranam
722 2441 754 2490 In
764 2445 921 2492 u111⁰xnv1n
937 2444 963 2490 et
978 2457 1076 2490 xnvnr.
1088 2441 1152 2491 etin
1161 2446 1235 2506 parte
1249 2443 1387 2507 sequentis

271 2517 334 2568 anni
353 2531 451 2581 magna
465 2515 592 2582 epidimia
604 2516 654 2566 tuit
671 2516 699 2564 in
712 2514 830 2578 Firlivio,
849 2515 913 2564 item
935 2514 963 2562 iu
981 2518 1107 2576 mrucnxr,
1126 2515 1190 2564 item
1207 2515 1235 2564 in
1254 2520 1390 2579 u111⁰nxv,

268 2596 295 2641 te
305 2607 331 2640 m
350 2591 378 2639 in
389 2605 498 2652 anun,
517 2590 582 2639 item
592 2590 619 2638 in
630 2604 744 2638 nxxxm.
776 2588 809 2636 In
818 2592 967 2637 mudum.
980 2587 1073 2636 civitas
1085 2587 1188 2637 Oesene
1199 2587 1327 2638 derobets
1337 2589 1389 2639 fuit

271 2679 288 2713 a
306 2661 466 2712 Bretonibus
487 2663 651 2728 capientibus
671 2661 790 2710 homines
810 2665 837 2710 et
855 2660 978 2710 mulieres
999 2664 1025 2710 et
1036 2661 1219 2726 vituperantes
1241 2677 1295 2724 eos,
1314 2662 1388 2726 quod

270 2737 360 2786 iacere
379 2750 433 2785 non
451 2735 609 2800 potuissent,
628 2735 682 2784 nisi
700 2734 887 2784 intervenisset
906 2731 1033 2783 auxilium
1048 2733 1137 2784 domni
1156 2733 1284 2785 Iohannis
1302 2734 1387 2800 Aguti

273 2823 332 2859 cnm
348 2809 402 2859 suis
422 2807 546 2872 gentibus
567 2807 599 2856 de
616 2805 785 2871 Inghilterra‚
811 2807 857 2871 qui
876 2807 1074 2856 erutFaventie
1100 2812 1316 2858 urrrcnxxxxrrn.
1342 2807 1387 2858 die

270 2899 321 2933 vn.
340 2882 463 2946 Augusti,
490 2881 552 2930 dum
578 2885 648 2930 esset
671 2895 767 2945 guerre
791 2880 861 2929 inter
886 2879 1004 2930 Cechum
1025 2885 1052 2930 et
1075 2880 1163 2930 Pirum
1190 2881 1222 2930 de
1242 2879 1389 2933 Ordeleffis

273 2972 305 3006 ex
323 2971 377 3006 une
397 2960 471 3021 purte
492 2959 518 3004 et
536 2953 664 3003 Karolum
691 2953 781 3002 domni
809 2951 939 3004 Gnlluotti
965 2953 997 3002 ds
1022 2952 1171 3004 Malatestis
1198 2959 1224 3004 et
1238 2953 1332 3005 fratres
1353 2969 1387 3004 ex

271 3028 365 3079 altera.
404 3028 476 3077 Hinc
495 3027 558 3076 inde
573 3027 661 3077 multis
682 3026 803 3092 dampnis
818 3027 895 3090 datis,
915 3027 989 3076 venit
1007 3027 1065 3092 ipse
1078 3025 1192 3077 Karalus
1208 3043 1266 3078 cum
1285 3043 1387 3093 magns

271 3106 351 3168 gente
371 3101 399 3150 in
422 3100 488 3150 ville
507 3098 615 3150 Bosecli
642 3099 776 3150 districtus
803 3099 923 3152 Forlivii.
961 3101 1035 3150 Tunc
1055 3099 1234 3151 Forlivienses
1259 3107 1400 3163 exeuntes,

272 3180 345 3225 extra
370 3179 396 3224 et
422 3189 474 3224 non
493 3172 614 3224 valentes
633 3174 757 3224 resistere
777 3171 856 3225 dictis
882 3173 1015 3238 gentibus,
1041 3174 1113 3239 capti
1135 3173 1241 3223 fuerunt
1267 3174 1299 3224 de
1318 3168 1384 3225 For-

269 3249 334 3298 livio
353 3247 442 3314 plures
462 3247 507 3295 4¹¹⁸
526 3245 555 3314 (4
574 3243 710 3312 milibus?)
730 3247 858 3310 homines,
879 3252 905 3297 et
923 3247 1085 3296 redimerunt
1104 3261 1133 3297 se
1153 3247 1256 3311 magnis
1281 3241 1338 3314 qn,
1359 3255 1387 3300 et

272 3321 402 3386 aliquanti
427 3320 533 3371 fuerunt
552 3321 656 3371 mortui.
705 3318 739 3370 In
764 3319 819 3370 ima
839 3319 944 3388 popina
963 3319 1139 3386 praecedente
1157 3319 1278 3371 Blandus
1297 3319 1384 3370 Forti-

271 3393 375 3455 viensis,
396 3393 469 3460 cujas
496 3409 591 3444 manas
616 3409 667 3458 per
694 3399 775 3444 totam
804 3393 915 3444 codicem
942 3394 1047 3444 notatas
1071 3391 1235 3459 marginibus
1264 3394 1387 3460 aspersit,

272 3468 335 3519 Isaac
354 3467 470 3518 addidit:
491 3467 601 3516 Referre
621 3466 700 3518 solitu
718 3466 768 3517 fuit
780 3467 925 3517 Franciscs
944 3467 1058 3532 genitrix
1077 3467 1130 3516 mei
1142 3464 1248 3529 Blandi,
1270 3483 1321 3533 quo
1341 3467 1387 3518 die

271 3540 397 3592 tumultus
411 3541 455 3590 hic
474 3539 603 3590 Forulivii
614 3539 672 3602 fuit,
693 3555 761 3603 eum,
782 3556 833 3606 que
847 3539 918 3606 apud
938 3540 1094 3604 genitricem
1108 3544 1135 3589 et
1147 3539 1241 3590 fratres
1260 3556 1384 3606 pransum

273 3619 336 3677 eret,
357 3630 417 3664 cum
436 3612 548 3664 vidisset
567 3615 640 3664 cives
660 3612 695 3662 ad
715 3629 789 3663 arma
814 3613 970 3676 discurrere,
996 3628 1139 3663 memorem
1165 3612 1253 3664 subito
1277 3613 1384 3678 fectum,

272 3702 345 3736 arms
369 3687 496 3752 genitoris
521 3687 575 3736 mei
593 3687 621 3736 in
645 3686 768 3738 cubiculo
789 3685 880 3737 clausa
899 3701 966 3749 esse,
995 3687 1069 3736 culus
1091 3687 1150 3752 ipss
1170 3685 1259 3737 claves
1274 3692 1387 3751 teneret,

271 3776 313 3810 me
333 3761 428 3825 raptim
447 3761 548 3824 gremio
569 3765 718 3826 exceptum,
739 3761 784 3826 qui
802 3775 906 3810 menses
925 3763 984 3810 octo
1003 3764 1081 3810 nutus
1107 3775 1201 3823 essem,
1226 3764 1388 3826 asportasse,

271 3832 344 3883 nullo
359 3837 499 3898 expectato
512 3834 614 3884 itineris
632 3835 737 3895 comite,
758 3839 784 3884 et
799 3833 834 3882 sd
847 3849 921 3883 arms
939 3833 1008 3898 putri
1022 3848 1080 3883 meo
1095 3831 1184 3883 dende
1196 3833 1267 3883 viam
1281 3849 1385 3884 omnem

272 3905 429 3956 decurrisse.
449 3906 584 3957 BaTHM.
660 3905 689 3972 2)
714 3905 745 3958 Ut
764 3905 870 3971 conjicio
891 3921 922 3956 ea
941 3903 974 3954 iis
994 3921 1062 3971 qnae
1082 3905 1118 3956 ad
1137 3904 1177 3968 ΙΙ,
1200 3907 1231 3956 4:
1251 3906 1384 3971 fugientes

273 3979 377 4029 cladem
396 3980 452 4030 vita
476 3979 701 4046 relinquebantur,
725 3979 840 4046 margini
861 3979 986 4044 imposita
1010 3979 1144 4046 lepuntar:
1171 3978 1205 4030 sl.
1231 3979 1318 4030 ‘ritae'
1337 3995 1390 4046 per

273 4052 436 4120 diptongum,
457 4059 484 4104 et
497 4055 535 4110 sic
555 4059 595 4104 est
614 4055 642 4102 in
661 4053 820 4104 monasterio
834 4051 1052 4118 Pontigniaeensi
1070 4051 1308 4103 Autissiodorensis
1329 4053 1385 4104 dio-

274 4127 350 4190 cesis,
370 4126 404 4177 el.
424 4125 532 4189 ‘vitam’,
552 4131 582 4176 ut
600 4127 628 4176 in
647 4127 806 4177 monasterio
833 4125 866 4175 de
889 4127 1020 4196 ¹Rigniaco
1045 4126 1116 4175 dicte
1137 4125 1251 4176 diocesis
1274 4127 1312 4176 itu
1337 4131 1389 4177 est.

271 4199 408 4250 Johennes
423 4199 456 4250 de
477 4199 643 4250 Castrouovo
656 4201 799 4250 canonicus
810 4197 960 4250 Trecensis.
979 4198 1116 4248 BETHM.
1192 4195 1221 4262 3)
1245 4195 1311 4247 Olim
1322 4199 1384 4265 for-

272 4279 340 4324 tasse
360 4271 552 4340 Itiqniacensis,
572 4278 601 4322 nt
619 4278 683 4323 nota
701 4271 811 4324 innuere
830 4271 935 4325 nidetnr
956 4271 1112 4338 marpinatis
1133 4270 1169 4322 ad
1183 4271 1386 4336 praecedentem

272 4346 384 4398 codicem
404 4346 494 4398 allata.
520 4345 656 4395 BETHM.
