3040 5014
194 593 232 646 ’μ
249 595 283 636 25.

296 411 329 461 18
521 410 631 462 PAULI
650 411 822 464 HISTORIA
841 409 1174 464 LANGOBARDORUM.

295 665 366 728 dem
378 579 493 728 *Apud
515 601 585 644 euna
599 579 638 643 de
653 578 805 644 Historia
818 577 1114 664 Lanqobardorurn
1129 601 1169 644 ae
1183 579 1313 644 verduni
1333 584 1406 729 pai·
1487 602 1488 658 ᾗ

445 663 484 727 ed
505 661 632 728 saeculo
650 665 750 746 prius
765 663 1013 747 Brodempertas
1028 684 1093 728 scra
1119 665 1178 727 sit:
1220 662 1331 750 Longo

295 746 409 812 dorum
430 746 559 827 seriem,
588 767 750 832 egressum
773 746 933 831 situmque
954 746 1059 844 regni,
1086 685 1148 810 doc
1176 769 1209 811 es
1226 789 1230 798 ·
1249 747 1404 832 originem
1486 749 1488 782 ¹

295 852 415 912 eorum,
442 829 494 895 vel
516 829 675 916 quomodo
697 829 737 894 de
760 828 973 894 scandinavia
993 827 1097 894 meula
1119 832 1238 915 egressi
1260 831 1301 896 ad
1322 833 1406 896 Pan-

294 915 431 996 noniam,
453 913 569 978 iterum
590 914 789 978 aPannonia
804 912 927 982 ltaliam
948 914 1243 999 transmigraverint
1256 938 1405 1001 regnum-

296 1020 357 1086 que
379 998 584 1083 susceperint,
604 995 733 1080 Paulus,
753 997 803 1060 vir
817 995 909 1062 valde
929 998 1060 1082 peritus,
1083 998 1310 1084 compendiosa
1329 999 1405 1064 licet
1488 1011 1489 1060 f

294 1082 449 1148 brevitate
479 1091 526 1146 set
550 1080 700 1167 prudenti
729 1082 908 1167 composuit
935 1081 1070 1162 ratione,
1106 1081 1280 1150 extendens
1306 1082 1405 1148 nichi-

294 1165 431 1232 lominus
452 1186 472 1228 a
486 1163 659 1230 Gammara
680 1174 711 1230 et
725 1163 851 1228 duobus
865 1163 972 1228 liberis
994 1166 1062 1230 eius
1083 1163 1259 1250 hystoriam
1273 1167 1404 1233 Ratchis

294 1271 375 1336 pene
402 1270 502 1335 usque
530 1270 673 1333 regnum.
716 1250 759 1313 Et
784 1271 859 1314 mou
886 1272 952 1314 non
980 1250 1083 1314 scium
1108 1252 1145 1314 in
1198 1253 1288 1315 atria
1317 1262 1407 1316 terra

295 1336 350 1400 scd
366 1355 431 1419 por
452 1342 552 1398 totum
572 1333 737 1397 nanctae
763 1356 899 1419 regnam
922 1343 1148 1420 propapatus,
1168 1273 1277 1398 dectus
1299 1345 1327 1399 et
1349 1358 1404 1400 eu·

295 1420 434 1502 scriptas
461 1426 507 1480 est
534 1415 631 1498 iiber,
665 1439 727 1502 quo
753 1417 879 1482 Paulus
910 1440 960 1482 res
995 1441 1017 1482 a
1042 1417 1264 1502 popularibus
1296 1427 1404 1504 pestus

295 1502 466 1567 raemoriae
487 1500 615 1566 tradere
636 1501 814 1565 studuerat.
1276 1571 1277 1574 Ἴ

384 1585 474 1669 Opus
526 1585 616 1649 rocui
644 1585 743 1648 dudio
774 1585 813 1648 ab
842 1587 914 1669 ipso
945 1595 1074 1650 auctore
1103 1587 1140 1649 in
1161 1608 1218 1650 sea
1239 1584 1338 1649 libros
1361 1594 1405 1648 cst

295 1671 473 1756 dipestum;
497 1606 582 1734 dibri
609 1671 645 1734 in
678 1669 824 1753 capitula
853 1669 973 1749 diuisi;
1006 1671 1120 1753 cuique
1146 1667 1228 1734 libro
1258 1670 1405 1752 capitum

294 1754 396 1818 iudea
405 1754 617 1837 praemissus.
660 1752 864 1837 liutprandi
877 1753 966 1838 repis
981 1753 1085 1817 obitus
1103 1763 1190 1818 sento
1212 1752 1295 1818 libro
1302 1752 1405 1834 fincta

286 1837 396 1923 facit,·
418 1839 455 1900 in
469 1838 564 1934 cajus
578 1836 688 1900 altimo
704 1837 848 1921 capitulo
863 1860 934 1901 oum
948 1837 1074 1901 Paulas
1089 1838 1193 1902 dicat:
1215 1834 1405 1900 miraculum

317 1919 382 1986 uod
402 1920 568 2006 posteriori
581 1929 723 2006 tempore
737 1931 863 2004 gestum
878 1929 934 2002 est,
956 1921 990 1983 in
1004 1919 1074 1984 loco
1112 1922 1218 2006 roprio
1240 1942 1405 2006 ponemus,

296 1942 335 2070 de
367 2005 504 2068 historia
525 2003 662 2068 atterius
686 2005 893 2084 deducenda,
919 2005 956 2069 id
984 2014 1029 2068 est
1057 1943 1138 2070 lida
1167 2015 1247 2070 certe
1273 2007 1405 2090 septimo
1468 2049 1475 2058 ,

298 2089 493 2175 adjiciendo,
523 2091 602 2172 quin
630 2090 699 2172 ipse
726 2090 931 2174 cogitauerit,
961 2089 1108 2154 dubitari
1135 2091 1276 2174 aequin.
1319 2089 1405 2168 Ideo,

297 2183 332 2237 ut
353 2173 490 2252 uidetur,
512 2170 592 2236 iiber
607 2172 819 2258 praefatione
841 2181 943 2252 caret,
972 2173 1021 2235 ita
1042 2182 1078 2236 at
1106 2173 1145 2236 dc
1173 2176 1243 2258 ejus
1271 2171 1407 2236 consitio

297 2266 325 2322 et
337 2256 491 2340 fontibus
517 2259 652 2322 nonnisi
673 2277 713 2320 ea
734 2258 806 2340 ipso
821 2257 976 2341 judicari
991 2258 1107 2340 possit.

387 2341 497 2404 Utres
521 2364 542 2404 a
563 2363 626 2404 sua
648 2350 751 2404 aetate
771 2349 909 2404 remotas
930 2349 1092 2422 narraret,
1114 2339 1240 2404 Pardus
1255 2349 1331 2425 quot
1353 2349 1408 2403 aot

321 2425 400 2489 otuit
427 2424 575 2489 subsidia
607 2429 688 2491 satis
719 2425 890 2511 diiipenter
922 2424 1099 2489 adhibeto.
1151 2424 1286 2489 Brevem
1317 2363 1406 2488 idam

293 2448 589 2595 danpobardorant
611 2509 779 2574 historiam
798 2509 948 2595 Oripinis
963 2511 1092 2574 nomiae
1110 2509 1305 2592 inscriptura
1327 2509 1406 2571 inte-

297 2615 392 2678 pram
415 2590 491 2676 fere
519 2595 638 2677 recepit
645 2615 657 2672 ,·
690 2595 786 2656 etiarn
816 2615 898 2678 qaae
919 2591 1082 2677 fabulosa
1114 2595 1181 2678 ipisi
1212 2593 1407 2657 videbantur

298 2699 369 2740 cara
396 2675 564 2742 lectoribus
586 2678 839 2756 communicare,
869 2677 1144 2742 observationibus
1173 2679 1242 2740 sais
1271 2677 1405 2754 additis,

289 2759 351 2844 fas
373 2760 469 2824 duait
491 2761 534 2843 (1,
556 2759 603 2841 8).
650 2759 728 2824 Cam
750 2760 801 2822 dis
824 2759 957 2823 adierant
979 2763 1152 2844 conjacuit
1172 2763 1406 2839 narrationem,
1494 2781 1495 2794 ἢ

298 2867 380 2930 quae
395 2842 536 2928 prorsus
557 2845 688 2909 diversa
709 2843 748 2907 de
770 2842 898 2906 sedibus
920 2851 949 2905 et
969 2845 1165 2927 mipratione
1190 2845 1295 2926 pontis
1316 2841 1406 2904 illius

297 2927 447 3009 tradidit,
462 2929 541 2991 daec
555 2930 640 2991 inter
654 2949 686 2991 se
703 2947 860 3012 paquara
874 2927 932 2988 oia
947 2926 1209 2989 animadvertens
1223 2923 1271 2988 oei
1280 2947 1406 3008 parurn

299 3035 429 3076 curans.
482 3012 596 3076 Postea
621 3011 817 3096 praesertim
846 3008 992 3074 Secundi
1023 3009 1168 3093 episcopi
1201 3008 1407 3073 Tridentini³

298 3201 437 3254 tribamaii‘
458 3221 476 3253 a
493 3201 615 3266 Harrptio
629 3210 652 3252 et
671 3200 822 3252 Dttmrntero
842 3198 884 3264 (Z.
890 3201 918 3264 f.
939 3198 975 3248 D.
994 3197 1047 3249 Aa.
1067 3197 1134 3259 XII,
1143 3216 1174 3264 p.
1187 3198 1253 3265 460)
1274 3197 1339 3249 editi
1356 3199 1408 3252 tae
1494 3157 1495 3252 i

293 3277 453 3344 pertineant,
473 3275 599 3326 incertum
618 3281 670 3334 est,·
689 3290 722 3326 ne
740 3271 822 3324 Pauli
840 3289 933 3324 nomen
952 3271 1056 3338 quidem
1075 3271 1202 3325 iudicant.
1242 3269 1305 3324 Sine
1324 3288 1407 3323 causa
1494 3269 1495 3332 ζ

298 3367 358 3402 uero
387 3348 442 3402 Leo
472 3345 596 3402 Ostiensis
622 3346 691 3398 idem
710 3348 742 3398 de
763 3345 869 3411 palatio
894 3345 1079 3398 Baseoentano
1103 3345 1185 3406 dirim
1208 3362 1233 3397 o.
1257 3345 1407 3397 Betdmann

293 3441 325 3490 p.
345 3425 395 3474 251
421 3441 448 3474 n.
470 3425 494 3472 1.
576 3418 604 3486 1)
626 3419 701 3482 Quod
724 3419 925 3484 Erchempertas
951 3421 1005 3471 loco
1029 3435 1113 3486 stairo
1138 3421 1218 3470 aliua
1242 3419 1314 3482 tait,
1341 3427 1408 3470 certe
1493 3413 1495 3430 ¹

300 3497 337 3548 ad
354 3495 459 3548 initiam
476 3494 552 3561 rapui
573 3492 682 3544 Ratcliis
704 3492 871 3559 referendam
897 3500 942 3545 est.
984 3491 1057 3554 Quae
1081 3509 1140 3544 aero
1160 3493 1193 3544 de
1218 3508 1301 3544 causa
1322 3492 1406 3556 addit,

299 3587 353 3636 qua
376 3570 479 3620 Paulus
505 3567 604 3618 adduci
624 3565 748 3631 potuerit,
775 3574 805 3616 ut
824 3567 954 3616 adaman
973 3566 1019 3617 hoc
1039 3567 1091 3618 ioco
1113 3567 1260 3631 deponeret,
1281 3566 1309 3616 in
1328 3582 1401 3617 mera

299 3645 447 3712 conjectura
465 3639 616 3692 consistunt.
691 3637 720 3704 2)
739 3638 781 3689 De
800 3636 921 3706 fontibus
945 3638 1069 3690 tentoriae
1087 3638 1325 3706 Lanpobardoram
1344 3638 1406 3690 diii·
1493 3653 1495 3676 ⁴

297 3723 387 3784 qeater
411 3712 533 3766 tractarit
552 3711 586 3763 R.
605 3712 697 3764 Jaoodi
714 3711 848 3764 Halensis.
923 3714 950 3773 3)
970 3712 1013 3764 Ea·
1038 3713 1125 3765 oodue
1152 3712 1339 3778 Weinqartensi
1360 3712 1408 3763 hoc
1493 3709 1495 3750 ἵ

300 3789 355 3855 aas
373 3789 551 3856 frapmentam
577 3785 613 3837 ad
631 3804 656 3836 a.
676 3785 737 3836 580.
759 3784 897 3851 pertinens
921 3786 1004 3838 edidit
1028 3787 1141 3850 Bonelii,
1165 3785 1270 3836 Notiaie
1296 3783 1406 3836 storicke
1494 3799 1495 3828 f

300 3862 370 3914 della
389 3861 476 3912 chiesa
494 3859 523 3910 di
546 3858 639 3910 uena
659 3858 713 3910 III
728 3857 839 3923 (Trento
861 3859 952 3926 1762),
967 3877 998 3926 p.
1018 3860 1070 3910 483
1076 3878 1085 3922 ;
1103 3860 1166 3911 inde
1189 3859 1284 3925 triopa,
1314 3856 1406 3908 Codice

299 3935 366 4001 aaz.
386 3933 437 3984 Nr.
457 3933 489 3994 8,·
508 3932 664 3995 Betdmann,
684 3931 763 3985 Arei.
786 3933 819 3997 X,
839 3951 869 3999 p.
885 3934 954 3994 sso;
978 3933 1072 3984 Baudi
1096 3934 1126 3985 di
1150 3932 1246 3996 Vestae,
1271 3930 1358 3982 Edict.
1373 3949 1405 3996 p.

300 4007 379 4058 LXX
382 4007 429 4074 V):
449 4008 473 4058 A
491 4008 716 4074 principiumque
730 4009 765 4058 ad
783 4008 934 4073 passionem
946 4008 1056 4058 Domini
1074 4013 1135 4059 sunt
1152 4008 1215 4057 anni
1228 4005 1307 4068 5229,
1326 4020 1406 4072 passo

301 4081 406 4133 Christo
430 4095 514 4146 usque
540 4081 567 4130 in
591 4086 739 4147 presentem
766 4096 863 4132 annum
887 4087 947 4132 sunt
972 4082 1041 4144 554,
1065 4086 1092 4132 et
1115 4097 1132 4131 a
1156 4085 1279 4145 presente
1303 4079 1406 4144 pascha

299 4156 374 4206 iuxta
400 4154 529 4222 prophete
564 4153 706 4220 cloquium,
740 4154 886 4212 secundum
914 4155 986 4220 quod
1014 4155 1129 4205 humane
1157 4153 1298 4218 fragilitati
1328 4151 1406 4200 datur

301 4243 396 4295 capere
420 4226 593 4289 intellectum,
619 4232 720 4280 restant
743 4227 776 4278 de
801 4228 918 4294 presenti
943 4227 1033 4278 seculo
1060 4229 1121 4277 anni
1142 4226 1203 4276 217.
1247 4227 1283 4275 Et
1306 4225 1334 4274 in
1354 4224 1405 4274 hoc

300 4317 379 4368 supra
397 4306 541 4353 memorato
561 4317 629 4352 anno
648 4302 698 4352 fuit
716 4301 857 4364 bissextus,
876 4300 1054 4352 residentibus
1073 4301 1101 4350 in
1120 4298 1200 4351 Italia
1219 4295 1406 4363 Langobardis

301 4391 361 4428 ann.
382 4375 423 4441 12,
443 4391 474 4427 eo
494 4374 564 4442 quod
587 4375 706 4428 secunda
724 4374 870 4426 indictione
894 4375 922 4424 in
947 4388 979 4424 ea
1003 4374 1116 4440 ingressi
1135 4377 1195 4425 sunt
1214 4387 1304 4424 mense
1323 4371 1407 4421 Maio.

1356 687 1404 728 ar·
1486 669 1488 692 ¹
