3040 5014
295 423 331 474 30
525 423 637 474 PAULI
657 422 830 475 HISTORIA
848 421 1184 475 LANGOBARDORUM.

296 591 499 671 adservatus,
520 591 607 654 uncle
629 591 802 655 recentiori
822 598 949 654 tantum
969 598 1109 678 tempore
1131 611 1204 654 cum
1229 599 1273 654 tot
1291 591 1423 676 pretio-

296 676 433 739 sissimis
448 675 604 739 historiae
618 674 800 738 Francicae
815 675 1029 738 monumentis
1043 674 1180 739 Romam
1195 673 1341 739 deuectus
1356 684 1421 756 est,

295 759 353 822 ubi
368 768 446 844 post
459 759 701 823 Betbmannum
723 759 780 822 boc
803 779 893 822 anno
911 759 1024 842 etipse
1038 780 1073 823 eo
1089 782 1169 823 usus
1183 781 1264 822 sum.
1304 756 1421 823 Codeta

296 853 332 907 ut
346 844 495 926 primum
515 851 675 906 enaratus
695 851 766 906 erat
780 844 934 926 pronime
956 842 1002 905 ad
1025 841 1149 908 01-3
1172 844 1306 907 accessit
1328 842 1420 928 (for-

296 936 379 990 tasse
401 949 441 990 ea
458 926 487 992 0
495 926 529 988 *1
552 927 762 1010 descriptas),
784 928 880 990 etiam
899 925 949 1007 VI,
964 925 1016 990 52.
1031 926 1082 990 53.
1096 927 1134 991 in
1141 927 1212 1009 fine
1231 926 1415 1006 collocavit,

289 1021 465 1096 praeterea
486 1010 604 1096 ubique
616 1010 693 1094 fere
707 1018 863 1073 vetustam
877 1009 955 1075 libri
959 1009 1109 1094 formam
1112 1059 1122 1092 ‚
1138 1034 1270 1095 eamque
1284 1011 1418 1075 mendis

296 1095 567 1180 quamplurimis
596 1116 765 1178 aspersam
783 1093 950 1178 praebuit.
993 1093 1060 1158 sea
1086 1105 1278 1160 correctores
1294 1093 1418 1180 plures

296 1202 321 1242 s.
333 1179 371 1242 X.
387 1188 415 1243 et
429 1179 481 1242 XI
487 1190 508 1240 ¹.
554 1179 660 1242 riscae
681 1177 935 1262 ortboqrapbiae
950 1187 979 1242 et
997 1176 1046 1241 lin
1070 1201 1133 1242 uae
1151 1177 1207 1242 nul
1231 1181 1301 1243 aris
1320 1181 1416 1243 vesti·

295 1264 355 1410 Zia
375 1262 494 1342 tollere,
521 1201 662 1325 lbcunas
689 1259 827 1346 inpure,
856 1283 939 1348 quae
965 1201 1125 1327 intellbctu
1146 1203 1302 1348 officula
1322 1262 1415 1326 uide·

316 1356 417 1410 antur
438 1369 478 1411 eu
502 1345 619 1408 lanare
641 1347 751 1409 conati
767 1354 854 1425 sunt,
871 1355 1046 1430 praeterea
1060 1348 1097 1410 in
1111 1349 1263 1433 marqine
1278 1348 1417 1432 saepius

296 1431 424 1517 glossas
447 1368 646 1514 obiecerant.
680 1430 720 1493 In
737 1452 800 1516 qao
815 1432 944 1515 neqotio
959 1453 1104 1494 nonnum
1126 1454 1204 1495 uam
1219 1431 1285 1494 alio
1304 1431 1417 1494 coelice

298 1515 408 1600 adjuti
425 1513 561 1598 fuerint
590 1522 728 1598 oportet;
756 1537 823 1578 nou
847 1536 964 1598 pauca
989 1537 1062 1578 aero
1111 1517 1284 1600 einyenio
1309 1523 1416 1579 muta-

296 1607 427 1678 uerunt,
467 1598 676 1663 addiderunt.
738 1595 830 1672 Quae
864 1599 902 1662 in
938 1596 1022 1662 alios
1057 1597 1173 1662 maltos
1210 1600 1419 1662 transierunt

297 1682 431 1763 codices,
446 1704 525 1766 quos
540 1682 613 1745 ideo
627 1681 685 1744 sub
700 1684 794 1768 siqrw
808 1681 843 1744 D
858 1704 917 1746 con
927 1683 1103 1768 'unqenelos
1117 1683 1211 1746 duni.
1240 1683 1418 1768 Plerosque

296 1776 414 1846 tamen,
437 1789 509 1830 cum
531 1766 576 1829 ael
596 1768 776 1851 genuinam
793 1766 895 1829 Pauli
912 1706 1079 1831 lectionem
1100 1767 1333 1832 restituendam
1348 1790 1418 1852 pa·

296 1873 370 1915 rum
393 1859 451 1914 aut
471 1849 558 1914 nibil
578 1872 631 1914 eos
652 1851 829 1916 conducere
844 1849 952 1934 facile
974 1860 1053 1915 esset
1074 1849 1243 1932 intellectu,
1271 1850 1418 1936 sinqulis

296 1943 422 1999 tantum
454 1933 535 1998 locis
564 1935 786 2020 inspiciendos
814 1957 879 1998 esse
906 1944 988 1999 recte
1016 1935 1185 2020 judicarit
1216 1936 1414 1999 Betbmann.

299 2018 370 2093 Quo
390 2017 524 2103 factam
550 2028 605 2100 est,
635 2027 671 2082 ut
697 2019 794 2082 etiam
823 2018 861 2082 ole
888 2039 998 2082 eoram
1027 2019 1220 2104 coquatione
1241 2021 1317 2105 jam
1345 2041 1416 2084 non

296 2104 414 2188 ubique
437 2112 520 2168 certo
542 2103 661 2167 certius
675 2103 831 2188 judicari
849 2105 964 2187 possit.

379 2187 530 2251 Proaime
553 2187 599 2250 aol
619 2185 654 2248 D
672 2189 687 2249 1
713 2186 862 2250 accedere
882 2187 1012 2250 uidetur

381 2271 450 2358 (33)
472 2271 586 2334 D1⁸.²
618 2270 956 2356 Rotbomaqensis
970 2271 1034 2334 Nr.
1049 2268 1100 2333 28.
1116 2270 1167 2351 27,
1184 2269 1258 2334 olim
1275 2269 1414 2335 Gemme-

295 2357 427 2420 ticensis
455 2353 485 2419 G
507 2355 557 2437 21,
582 2355 710 2420 membr.
730 2352 797 2439 fol.
820 2377 844 2418 s.
866 2354 929 2436 XI,
957 2357 1015 2438 qui
1043 2354 1145 2418 solum
1165 2354 1267 2418 Pauli
1295 2353 1415 2420 librum

296 2441 445 2518 continet,
476 2440 580 2503 tribus
601 2439 753 2504 manibus
781 2440 1020 2523 conscriptum·
1044 2447 1161 2523 postea
1188 2439 1313 2502 elemum
1335 2438 1415 2503 aliis

297 2525 427 2588 assutis.
471 2524 601 2588 Desinit
628 2523 677 2605 VI,
707 2525 737 2588 3.
763 2523 932 2606 (tenuisse)
962 2525 1000 2586 in
1021 2523 1130 2586 media
1150 2525 1296 2608 paqina.
1340 2523 1411 2586 Dl

296 2617 362 2670 tam
383 2607 527 2690 fideliter
554 2609 722 2692 capressit,
749 2617 786 2670 ut
815 2630 835 2670 a
861 2617 927 2671 erto
957 2629 1065 2671 errore
1091 2607 1354 2754 ιτὶητέιιωηίοωαητ
1375 2609 1414 2671 in

296 2700 416 2755 tentum
438 2691 519 2773 (ΙΙΙ,
541 2691 579 2770 9)
601 2693 776 2776 receperit;
800 2715 842 2756 c.
865 2691 909 2753 N.
931 2691 1029 2754 Arcb.
1053 2691 1136 2838 Lgt.
1222 2737 1230 2752 .
1498 2741 1499 2768 2

380 2773 449 2860 (34)
472 2773 506 2836 D
527 2774 575 2836 1¹³.
620 2773 907 2838 Brunellensis
927 2775 990 2839 Nr.
1015 2774 1095 2840 1839
1123 2785 1147 2854 ³,
1177 2773 1253 2838 olim
1277 2775 1412 2840 Trunci-

296 2861 434 2940 niensis,
466 2867 582 2942 postea
611 2857 815 2923 bibliothecae
844 2858 1016 2923 Lammens
1043 2857 1274 2923 Gartdaoensis
1299 2857 1412 2924 illatus

298 2941 359 3026 (cf.
381 2942 479 3006 Arcb.
508 2941 575 3022 VH,
593 2965 630 3027 p.
654 2942 742 3023 341),
765 2942 892 3006 membr.
915 2965 940 3006 s.
962 2943 1038 3024 XII,
1061 2942 1090 3006 8.
1135 2943 1303 3007 Historiae
1325 2943 1413 3008 Lan·

297 3025 516 3111 qobarelorum
534 3026 651 3090 acldita
667 3036 743 3089 sunt
757 3026 837 3091 liber
856 3026 990 3091 Victoris
1010 3026 1145 3092 Vitensis
1167 3036 1196 3091 et
1211 3027 1414 3093 Arianorum

297 3107 458 3192 confessio
485 3133 557 3173 cum
584 3109 783 3194 refutatione
811 3111 1003 3197 Auyustini.
1046 3111 1177 3176 Indices
1192 3135 1257 3196 per
1278 3113 1332 3176 sin
1355 3111 1413 3176 ula

297 3193 411 3278 capita
422 3195 543 3280 sparsi.
558 3194 743 3259 Betbmann
748 3197 956 3280 praecipuas
965 3195 1125 3278 lectiones,
1138 3195 1224 3259 alias
1235 3195 1298 3258 Dr.
1305 3135 1415 3259 Hbller

297 3279 448 3342 enotavit.
480 3277 570 3341 Inter
591 3301 674 3363 quas
695 3301 766 3343 una
787 3288 832 3344 est
853 3280 929 3363 (IV,
944 3279 1014 3360 22),
1057 3301 1120 3342 nac
1142 3281 1282 3344 codicem
1304 3288 1340 3343 ut
1360 3280 1414 3345 bic

290 3383 459 3447 ponamus
473 3362 589 3425 suadet
595 3385 607 3446 ;
623 3365 773 3446 quamvis
791 3362 857 3429 alio
868 3362 937 3428 loco
952 3364 996 3446 (I,
1008 3302 1067 3443 2ἕ)
1079 3385 1150 3427 ωιτη
1161 3363 1223 3427 D3
1235 3365 1412 3428 conueniat.

375 3444 449 3593 iffi)
472 3446 506 3508 D
520 3445 549 3508 2.
583 3447 841 3512 Parisiensis
861 3447 925 3511 Nr.
940 3446 1034 3529 5872,
1057 3446 1133 3510 olim
1147 3447 1283 3510 Nicolui
1297 3448 1410 3530 Faore,

295 3553 374 3595 τηιτη
394 3553 422 3592 τ.
444 3552 469 3593 s.
485 3530 541 3610 XI,
564 3530 667 3596 solum
682 3531 824 3596 Paulum
846 3533 996 3596 continet.
1036 3529 1135 3604 Quem
1150 3533 1225 3616 jam
1241 3541 1315 3596 ante
1330 3531 1412 3616 plus

296 3637 394 3700 quam
412 3613 455 3676 50
477 3637 582 3678 annos
603 3614 628 3680 S
654 3615 740 3680 brlin
762 3618 799 3679 in
820 3639 901 3680 usus
921 3639 1024 3680 nouae
1045 3615 1200 3680 editionis
1220 3624 1318 3680 totum
1340 3639 1411 3680 cum

296 3700 392 3764 editis
422 3699 564 3762 contulit.
623 3639 711 3762 lister
734 3699 806 3762 Dl
836 3698 907 3763 et3
935 3700 1075 3763 medium
1094 3697 1171 3783 fere
1200 3698 1303 3763 locum
1331 3709 1411 3764 tenet

297 3783 384 3864 (ΙΙΙ,
407 3781 454 3844 18.
477 3782 632 3846 lacunam
655 3783 747 3848 babet
761 3805 834 3848 cum
848 3781 910 3847 reli
931 3785 983 3846 uis
999 3783 1097 3867 bujus
1112 3783 1228 3847 classis
1250 3784 1409 3848 codicibus

297 3887 510 4031 ⁰⁰mmu²3⁶mi
538 3867 598 3948 IV,
621 3865 671 3929 21.
701 3867 805 3932 uerbis
834 3871 871 3930 in
901 3805 959 3931 ios
982 3869 1109 3932 omissis
1131 3866 1200 3930 alia
1221 3867 1274 3931 illi
1295 3868 1407 3932 substi-

296 3959 454 4014 tolerunt.

299 4088 326 4155 l)
348 4088 385 4141 N.
404 4085 484 4140 Arcb.
505 4089 529 4152 I,
544 4105 575 4153 p.
596 4089 657 4151 545,
677 4087 871 4140 Bctbmannum
890 4096 1001 4150 secutus,
1022 4089 1054 4138 cle
1073 4105 1125 4139 uno
1145 4096 1245 4154 tanturn
1267 4096 1406 4140 correctore

297 4161 363 4224 cliui,
383 4163 430 4214 secl
444 4165 538 4228 plures
557 4161 743 4212 discernendos
757 4177 818 4223 esse,
833 4169 896 4225 post
909 4161 995 4212 codice
1014 4161 1128 4226 inspecto
1147 4159 1272 4224 intelleui
1292 4159 1407 4228 quitum

297 4236 444 4288 litterarum
455 4236 550 4301 forma
562 4251 643 4299 quam
661 4241 806 4284 atramento
825 4234 901 4284 modo
920 4234 995 4300 niqra
1014 4234 1090 4285 morlo
1103 4235 1183 4300 susco
1202 4235 1270 4286 inter
1289 4253 1316 4286 se
1335 4233 1405 4300 dffe-

296 4317 368 4360 runt.
443 4306 472 4374 2)
495 4307 528 4358 Ν.
548 4305 646 4357 Arcbin
666 4305 690 4369 Ι,
707 4323 735 4371 p.
756 4307 818 4356 546.
840 4307 888 4356 snb
906 4305 980 4373 siquo
1000 4306 1027 4356 D
1048 4309 1061 4355 7
1082 4307 1223 4359 indicatus.
1300 4309 1327 4372 3)
1348 4307 1406 4358 Non

299 4382 396 4446 18477,
416 4389 444 4431 ut
463 4379 543 4431 Arcb.
570 4379 649 4441 VIII,
665 4395 696 4444 p.
718 4380 780 4430 546.
800 4380 925 4444 scriptum
945 4390 990 4432 est.
