3076 5004
289 405 341 456 152
434 403 544 455 PAULI
564 403 738 456 HISTORIA
758 401 1091 455 LANGOBARDORUM.
1130 402 1200 452 LIB.
1220 402 1268 454 IV.

173 569 402 640 ·p.1sa.*licam
432 579 661 655 conspecturus
692 569 852 634 intravitt.
906 569 998 633 Tunc
1023 568 1093 632 aliis
1127 569 1304 652 orantibus,
1338 571 1422 656 ipse

313 656 430 719 icturas
453 653 596 718 eiusdem
618 651 771 718 basilicae
792 653 900 716 mirari
922 653 1037 738 coepit.
1081 653 1146 734 Qui
1168 673 1243 716 cum
1270 653 1421 739 figuram

288 678 375 804 leati
395 740 544 822 martyris
559 736 670 802 Savini
686 738 848 823 depictam
862 737 1093 822 conspexisset,
1116 738 1212 800 moxi
1229 758 1302 801 cum
1325 739 1420 802 iura-

289 830 396 888 mento
426 821 596 886 affimuavit
621 822 745 898 dicens,
773 819 868 884 talem
896 820 1024 884 omnino
1051 842 1125 883 eum
1151 821 1258 884 virum
1291 823 1349 908 qui
1378 843 1421 886 se

289 907 323 970 in
351 904 435 971 bello
463 915 646 991 protexerat
676 904 812 970 formam
847 904 1055 989 habitumque
1087 903 1269 969 habuisses.
1317 897 1421 970 Tunc

289 988 485 1055 intellectum
507 998 563 1071 est,
585 989 716 1053 beatum
731 988 928 1072 martyremi
951 987 1106 1052 Savinum
1121 987 1272 1053 eidemin
1289 987 1419 1076 proelio

289 1073 484 1138 adiutorium
520 1071 691 1138 contulisse
700 1085 723 1136 θ.
772 1071 876 1170 Igitur
914 1081 1039 1137 mortuo
1068 1070 1207 1154 Ariulfo,
1249 1071 1314 1137 duo
1354 1071 1422 1136 filii

289 1156 450 1222 Faroaldf
478 1157 657 1244 superioris
687 1157 777 1221 ducis
798 1164 881 1220 mter
908 1178 943 1219 se
970 1165 1102 1241 propter
1123 1154 1276 1220 ducatum
1305 1157 1422 1222 decer-

291 1251 404 1324 tantes,
438 1263 520 1305 unus
553 1264 595 1306 ex
626 1243 721 1328 ipsis,
754 1241 910 1326 quicum
935 1240 1103 1304 victoriam
1124 1250 1301 1305 coronatus
1334 1241 1419 1324 esth,

290 1327 418 1390 nomine
440 1324 684 1410 Teudelapiusi,
707 1323 859 1388 ducatum
881 1325 1031 1410 suscepit.

233 1424 280 1479 (ss)
377 1410 449 1474 17³¹
493 1408 589 1474 Oirca
616 1409 696 1473 haec
722 1419 886 1494 tempora¹
918 1407 1107 1472 coenobium
1138 1405 1222 1471 beati
1243 1406 1419 1472 Benedicti

290 1494 408 1578 patris,
447 1492 533 1578 quod
564 1494 598 1556 in
624 1501 726 1556 castro
755 1491 887 1556 Casino¹
921 1493 1017 1556 situm
1049 1500 1105 1574 est,
1139 1512 1159 1553 a
1189 1489 1419 1576 Langobardis

290 1585 387 1639 noctu
419 1576 589 1641 invaditur.
633 1577 697 1658 Qui
725 1577 875 1640 universa
901 1575 1095 1660 diripientes,
1128 1597 1187 1638 nec
1215 1588 1339 1638 unumm
1371 1598 1419 1640 ex

290 1658 456 1723 monachis
478 1669 586 1724 tenere
603 1669 785 1746 potuerunt,
807 1668 844 1722 ut
858 1658 1025 1745 prophetia
1038 1657 1229 1723 venerabilis
1243 1658 1418 1724 Benedicti

290 1744 410 1890 itit
423 1743 633 1892 liisl'lgi
656 1742 1182 1894 ilireprilllit’dmlli‘illi'
1195 1743 1419 1892 attilii

292 1849 518 1974 eederelmo'.
565 1851 761 1997 Fugientem
779 1848 919 1996 pquoq⁷ue
952 1933 994 1975 ex
1025 1909 1136 1975 eodem
1164 1908 1235 1975 loco
1265 1909 1417 1974 monachi

291 1995 428 2059 Romam
463 1995 639 2080 petierrmt,
670 2017 779 2059 secum
809 1995 953 2058 codicem
981 2004 1108 2058 sanctae
1137 1994 1282 2080 regulae,
1316 2015 1416 2082 quam

291 2077 453 2163 praefatus
474 2088 565 2163 pater
587 2087 808 2164 conposuerat,
831 2087 862 2143 et
884 2078 1041 2177 quaedam
1063 2077 1127 2142 alia
1148 2081 1266 2165 scripta
1287 2099 1417 2143 necnon

291 2161 419 2248 pondus
440 2164 532 2248 panis
555 2170 587 2226 et
607 2175 814 2227 mensurami
842 2163 909 2227 vim
931 2161 1061 2260 etquid
1085 2163 1140 2227 uid
1163 2183 1203 2226 ex
1226 2161 1415 2249 supellectili

291 2245 379 2311 subri
405 2257 480 2309 ere'
518 2256 682 2332 poterant·
724 2247 911 2311 deferentes.
970 2184 1134 2332 S1quidem
1196 2255 1246 2311 ost
1283 2247 1415 2312 beatum

290 2269 502 2395 Benedictum
540 2329 796 2411 Constantinu'si,
839 2340 912 2416 post
948 2329 1033 2393 hunc
1078 2268 1299 2415 simplicium,
1341 2340 1416 2416 post

292 2425 410 2500 quemv
432 2412 555 2497 Vitalis,
583 2415 625 2479 ad
646 2424 828 2480 extremum
850 2413 984 2477 Bonitus
1010 2413 1288 2500 congregationem
1309 2414 1415 2499 ipsam

290 2499 388 2579 rexit,
415 2498 475 2562 sub
521 2520 563 2562 uo
584 2498 664 2564 haec
685 2499 850 2563 distractio
872 2497 958 2561 facta
979 2507 1035 2563 est

229 2587 280 2689 &A
378 2582 427 2646 18.
518 2589 609 2646 ortuo
648 2582 746 2667 igitur
778 2581 940 2645 zottoner
975 2582 1276 2646 Beneventanorum
1317 2581 1416 2667 duce,

291 2803 315 2857 s)
331 2807 437 2847 introivit
452 2807 470 2848 G
486 2803 517 2848 ¹1.
536 2809 557 2848 1.
626 2805 650 2858 b)
666 2807 721 2846 deas
738 2805 758 2847 G
774 2807 793 2848 3.
810 2808 831 2847 4.
903 2805 924 2858 c)
939 2808 1056 2849 habuisset
1076 2811 1094 2849 F
1112 2812 1131 2850 1.
1200 2807 1224 2860 d)
1240 2814 1341 2862 martyre
1356 2810 1374 2849 F
1392 2814 1411 2851 1.

292 2864 315 2916 c)
332 2867 467 2906 contulisset
482 2867 500 2904 F
517 2867 537 2904 1.
605 2865 623 2915 f)
640 2867 672 2904 ita
693 2867 733 2904 hoc
755 2866 800 2906 ioco
823 2867 887 2906 etiam
909 2868 930 2906 A
947 2869 968 2907 1.
987 2869 1007 2907 2.
1076 2867 1099 2918 g)
1116 2869 1148 2908 ita
1163 2867 1184 2907 A
1201 2871 1220 2908 1.
1238 2871 1258 2911 i.
1275 2869 1292 2910 6
1310 2867 1331 2908 ⁸1
1355 2869 1374 2908 F
1391 2872 1411 2912 1.

293 2923 314 2965 G
330 2926 350 2977 1,
366 2935 423 2965 corr.
439 2924 565 2974 superioris
581 2924 602 2964 D
620 2927 641 2963 1.
659 2923 678 2965 G
697 2925 717 2972 s,
733 2929 752 2963 st
767 2925 800 2964 ita
815 2926 886 2965 ceteri.
961 2923 986 2977 h)
1003 2926 1034 2966 ita
1058 2927 1150 2967 Panium
1173 2928 1284 2977 seranus
1301 2929 1412 2979 putarim,

292 2982 423 3023 canatusA
441 2985 461 3022 1.
479 2981 497 3023 G
513 2979 601 3032 '1.4t›;
624 2984 664 3032 qut
679 2983 800 3023 victoriam
823 2984 1021 3035 coronatus013
1046 2987 1153 3035 quicum
1169 2988 1267 3026 victoria
1291 2990 1413 3027 coronatus

291 3042 313 3081 Η
331 3042 354 3090 1;
371 3042 411 3089 qui
428 3051 479 3081 cum
495 3041 615 3081 victoriam
630 3047 728 3082 nanctus
743 3043 763 3083 E
780 3046 805 3093 1;
829 3045 868 3093 qui
885 3054 936 3083 cum
952 3044 1050 3084 victoria
1066 3049 1157 3084 mantus
1173 3044 1202 3097 (t)
1220 3045 1241 3086 G
1258 3048 1284 3096 l;
1305 3047 1345 3094 qui
1361 3057 1411 3086 cum

292 3110 320 3139 so
335 3100 456 3138 victoriam
473 3103 554 3140 nactus
571 3099 591 3140 G
608 3101 632 3150 23
649 3101 689 3149 qui
704 3102 825 3142 victoriam
842 3105 939 3142 nanetus
955 3101 1010 3152 Aa
1026 3105 1066 3152 qui
1081 3115 1103 3143 v.
1120 3111 1201 3144 nectus
1216 3103 1266 3145 Aa.
1282 3105 1304 3144 D
1321 3106 1342 3147 A.
1358 3105 1369 3144 1
1385 3108 1412 3156 15

292 3159 333 3207 qui
348 3169 370 3198 v.
387 3162 451 3198 actus
467 3158 487 3198 A
505 3160 528 3208 23
544 3160 583 3208 qui
599 3171 621 3202 v.
637 3163 773 3200 consecutus
789 3160 809 3200 A
819 3161 839 3204 5.
857 3163 877 3202 6.
894 3163 920 3210 8;
936 3162 1044 3208 quicum
1059 3163 1157 3203 victoris
1173 3164 1295 3203 adiunctus
1312 3163 1332 3204 G
1349 3164 1368 3203 8.
1385 3165 1411 3214 43

292 3217 391 3266 quicum
400 3214 541 3270 victoriam)
558 3221 677 3258 cunctatus
694 3230 767 3258 scorr.
778 3221 796 3260 F
807 3223 831 3269 15
848 3221 887 3270 qui
903 3219 976 3272 (eraso
991 3221 1094 3261 vocabalo
1104 3220 1165 3274 cnm)
1180 3223 1301 3262 victoriam
1317 3223 1410 3272 adeptus

292 3286 375 3314 ecorr.
391 3275 412 3314 D
429 3276 449 3327 1,
465 3281 484 3316 st
498 3278 530 3316 isa
546 3278 585 3316 ulis·
599 3278 629 3318 D.
646 3276 666 3316 A
682 3274 712 3318 ’3.
730 3278 747 3319 G
764 3278 789 3330 ὃς
811 3280 918 3328 quicum
934 3290 956 3318 v.
978 3280 1074 3330 adeptus
1096 3284 1158 3322 esset
1174 3279 1223 3322 Gt
1246 3292 1335 3332 ecorr„
1350 3282 1367 3321 B
1384 3284 1412 3322 la

293 3332 340 3386 (abi
355 3334 395 3383 qui
411 3333 487 3386 asath
504 3347 525 3385 q,
536 3346 556 3379 c.
572 3337 692 3375 victoriam
709 3337 761 3376 hem
778 3337 975 3386 nominantis
991 3350 1012 3387 q.
1021 3349 1040 3378 c.
1056 3340 1154 3379 victoris
1169 3343 1203 3380 est
1218 3340 1229 3379 1
1246 3340 1266 3381 8.
1312 3338 1409 3391 1)Ί“1ιειι-

293 3393 399 3442 cataplus
415 3392 435 3432 A
451 3395 473 3435 a.
490 3395 516 3436 C.
532 3395 561 3446 D,
577 3395 628 3444 aiii3
645 3395 816 3436 Theadelsbius
833 3396 854 3436 G
871 3398 895 3445 13
911 3396 1068 3437 Teudeisbius
1084 3398 1105 3438 G
1121 3399 1148 3448 ³3
1164 3399 1334 3439 Theodeisdtus
1351 3397 1371 3439 G
1385 3400 1411 3448 23

291 3451 443 3502 'i'hisdlspius
460 3452 481 3494 G
496 3454 534 3504 5⁰3
551 3454 713 3504 Deudciapsns
728 3452 749 3493 A
765 3456 785 3495 2.
846 3452 871 3506 k)
887 3456 925 3494 Aac
940 3467 986 3506 cap.
1005 3469 1045 3496 om.
1062 3458 1081 3498 A
1097 3454 1127 3498 ⁹4.
1146 3456 1210 3498 Girb.
1272 3457 1289 3509 1)
1304 3457 1409 3498 Casinum

291 3509 313 3550 A
329 3512 349 3550 2.
364 3511 382 3550 F
399 3511 519 3564 (Tesinnm
535 3513 554 3551 F
571 3511 601 3563 1).
620 3512 646 3552 G.
663 3533 689 3542 -
707 3517 806 3553 castrum
824 3512 872 3555 63,
932 3518 965 3566 m>
981 3516 1075 3564 quidem
1091 3517 1139 3555 aad.
1156 3514 1181 3557 0,
1195 3517 1230 3566 D5
1246 3526 1275 3556 ne
1292 3516 1409 3568 (11.1)1,

291 3580 347 3610 corr.
365 3581 409 3610 nec
424 3571 446 3610 D
464 3572 484 3614 3.
544 3569 568 3622 ιι)
586 3571 647 3620 quod
663 3570 712 3612 Gi.
730 3572 750 3613 o.
766 3573 793 3622 43
809 3573 849 3622 qui
865 3573 910 3622 123
927 3584 978 3613 curn
996 3573 1058 3617 Gtc.
1119 3574 1142 3626 o)
1160 3575 1254 3616 conosi.
1271 3575 1317 3616 01.
1336 3577 1355 3616 2.
1370 3575 1407 3616 11.

291 3629 316 3680 p)
332 3629 452 3677 Facienda
468 3630 486 3670 F
503 3632 523 3670 1.
585 3627 609 3681 q)
625 3639 734 3670 mensura
749 3631 767 3670 F
785 3632 805 3671 1.
866 3630 886 3683 r)
903 3632 1082 3682 subriperentF
1099 3635 1120 3673 1.
1180 3631 1200 3684 s)
1217 3638 1340 3684 potuerant
1354 3633 1373 3673 A
1388 3635 1406 3674 i.

291 3688 313 3728 D
329 3689 350 3730 3.
367 3687 387 3728 G
404 3689 424 3729 1.
441 3690 466 3738 ²3
489 3691 616 3738 potuerunt
639 3687 660 3728 A
676 3685 706 3728 ’2.
725 3688 754 3728 a?
769 3690 790 3729 4.
808 3691 828 3729 s.
850 3691 869 3730 B
888 3692 908 3730 2.
925 3692 944 3731 Ε
962 3694 982 3732 1.
1003 3693 1022 3732 F
1037 3694 1059 3733 4.
1076 3693 1097 3734 5.
1122 3692 1142 3733 G
1157 3689 1190 3732 ’1.
1265 3690 1283 3743 t)
1301 3692 1408 3734 Gonstsn·

292 3747 341 3786 cius
358 3746 379 3788 G
395 3747 415 3789 a.
433 3748 444 3786 1
461 3749 481 3787 a.
543 3744 568 3797 u)
585 3745 730 3796 Simplicium
745 3749 763 3787 1⁴*
781 3750 801 3789 1.
862 3746 886 3799 v)
902 3754 954 3800 post
970 3761 1038 3800 quam
1055 3751 1075 3791 A
1093 3753 1113 3791 1.
1174 3749 1206 3803 w)
1222 3751 1321 3792 Latione
1337 3753 1409 3792 Bene-

291 3809 413 3846 ventcram
429 3805 449 3846 A
465 3806 492 3856 a,
508 3807 598 3848 Totone
613 3806 631 3846 C
648 3807 668 3845 2.
687 3829 712 3836 -
730 3807 810 3846 ducem
827 3805 847 3848 G
864 3807 885 3850 3,

293 3994 322 4060 1)
341 3991 385 4045 Aa
398 3995 479 4046 Pauli
495 3995 580 4046 nostri
597 3996 802 4048 emendationem
812 3999 905 4063 petias
927 4016 1006 4066 qaam
1025 3998 1227 4052 illustrationem
1246 3999 1312 4052 satis
1324 4001 1408 4066 sueri

292 4065 422 4133 carpsisse
441 4066 585 4119 vetustiora
603 4078 780 4132 monumenta,
799 4086 831 4121 aa
850 4071 944 4137 quibas
964 4071 1101 4137 evincitur,
1125 4073 1162 4125 ad
1186 4073 1327 4139 superiora
1345 4083 1400 4126 san-

287 4157 361 4206 pora
379 4147 470 4191 contra
482 4139 564 4190 Pauli
582 4141 756 4194 testimoniam
768 4141 898 4210 insiynem
911 4146 979 4197 hanc
998 4145 1156 4198 celeberrimi
1174 4147 1327 4199 monasterii
1339 4163 1403 4200 eues-

291 4211 390 4264 sionem
408 4229 463 4264 esse
481 4213 656 4279 referendam.
670 4216 717 4279 BI,
737 4217 784 4282 qai
797 4227 926 4282 provocat
946 4219 983 4269 ad
1000 4217 1140 4270 Anastasii
1158 4219 1206 4271 Vis.
1227 4219 1345 4288 Pacata·
1362 4220 1404 4271 ssd

292 4301 362 4353 qaae
380 4301 413 4336 ea
432 4285 482 4337 Aac
501 4287 649 4352 cffcmntar
666 4287 696 4340 in
712 4289 828 4356 pennino
845 4297 917 4342 testa
934 4309 987 4343 neon
1013 4293 1144 4360 loquutur,
1169 4293 1216 4344 sed
1233 4292 1330 4345 Leonis
1348 4298 1406 4343 sant

296 4357 422 4411 Ostiensis
441 4359 529 4412 aeria.
567 4360 671 4412 Paulas
692 4361 847 4429 Greyoriam
867 4364 905 4415 M.
926 4365 1000 4417 Dial.
1020 4365 1062 4431 11,
1083 4367 1126 4418 1t.
1144 4366 1271 4433 seqssiinr.
