2994 4998
310 386 363 438 244
553 382 764 434 CATALOGUS
785 380 1058 434 PROVINCIARUM
1078 379 1237 431 ITALIAE.

309 555 394 617 cium
415 573 525 616 versus
547 548 722 630 Aureliam,
751 547 791 612 ab
814 549 942 612 orientis
969 555 1058 633 parte
1080 545 1260 610 Umbriam.
1307 547 1350 610 In
1372 546 1431 610 hac

331 637 473 701 rovincia
487 635 598 715 Roma,
621 655 702 719 quae
722 630 893 718 aliquando
908 631 1005 696 totius
1020 631 1131 694 mundi
1147 642 1245 716 caput
1260 631 1386 711 extitit,
1402 633 1432 694 in

308 660 443 786 limbria
456 719 624 783 Perusium
639 725 671 781 et
689 715 795 781 lacum
812 714 963 781 Clitorius
979 725 1011 780 et
1027 713 1049 779 S
1075 713 1222 779 oletium⁸
1237 716 1431 780 consistunt.

392 803 511 885 Quinta
525 803 692 887 provincia
707 800 882 885 Campania
896 798 937 863 ab
954 798 1032 863 urbe
1050 737 1153 862 Acina
1167 821 1269 884 usque
1285 797 1332 862 ad
1350 797 1431 863 Siler

309 888 449 952 Lucanie
481 885 613 950 fluvium
647 883 836 948 extenditur.
890 883 928 946 In
962 905 1025 981 qua
1057 882 1298 967 opulentissime
1336 884 1430 948 urbes

310 970 432 1058 Capua,
455 969 622 1054 Neapolim
644 977 675 1033 et
697 966 863 1033 Salernum
886 976 1055 1031 constitute
1077 976 1158 1030 sunt.

394 1054 492 1120 Sexta
505 1053 670 1139 provincia
683 1051 814 1115 Lucana
828 1051 957 1116 inchoat
971 1073 990 1112 a
1004 1049 1102 1113 fluvio
1115 1048 1214 1115 Silere
1230 1071 1308 1113 cum
1327 1050 1431 1115 Oritia

309 1137 466 1225 usquead
487 1138 602 1200 fretum
626 1134 769 1200 Siculum
790 1157 848 1220 per
869 1156 924 1198 ora
944 1134 1041 1197 maris
1056 1134 1190 1214 Tirreni,
1207 1134 1291 1198 sicut
1317 1145 1351 1200 et
1371 1134 1430 1198 duc

309 1223 487 1308 superiores
508 1221 697 1320 provinciae,
720 1219 868 1284 dextrum
889 1217 979 1282 Italic
1001 1240 1100 1282 cornu
1122 1229 1240 1299 tenens,
1287 1219 1430 1302 ertingit.

309 1307 348 1370 In
370 1328 433 1392 qua
448 1315 550 1391 p0s1te
566 1313 638 1368 sunt
660 1303 814 1384 civitates,
837 1301 870 1365 id
885 1311 932 1366 est
945 1304 1068 1384 Festus,
1091 1301 1230 1387 Laynus,
1280 1323 1429 1382 assanus,

310 1388 469 1469 Cosentia,
483 1387 631 1452 Malvitus
653 1397 684 1452 et
704 1387 851 1472 Regium.

394 1473 537 1558 Septima
550 1473 716 1557 provincia
728 1473 762 1534 in
776 1469 952 1556 Apenninis
968 1467 1106 1555 Alpibus
1119 1478 1325 1554 conputatur,
1374 1491 1431 1534 uae

310 1555 384 1620 inde
406 1557 561 1640 originem
583 1557 725 1641 capiunt,
745 1554 802 1618 ubi
816 1553 914 1638 Alpes
930 1552 1040 1619 Cotiae
1062 1553 1224 1618 finiuntur.
1257 1553 1312 1617 He
1375 1577 1430 1638 pes

310 1639 498 1724 Apenninae
532 1661 590 1722 per
627 1638 765 1702 mediam
800 1637 925 1702 Italiam
964 1638 1196 1735 pertingentes,
1234 1637 1358 1700 Tuscia
1393 1636 1430 1700 ab

310 1723 427 1787 Emilia
455 1733 486 1787 et
513 1721 649 1786 Umbria
676 1745 696 1786 a
723 1721 921 1786 Flamminea
948 1721 1142 1786 druidrmtur.
1191 1723 1227 1785 In
1279 1743 1323 1784 ua
1358 1733 1432 1786 sunt

310 1807 455 1872 civitates
476 1806 689 1870 Feronianum
711 1816 743 1870 et
763 1803 1019 1886 Montebellium,
1049 1805 1188 1868 Bovium
1210 1814 1241 1868 et
1295 1805 1431 1870 rbinum

309 1911 434 1955 necnon
463 1899 494 1954 et
522 1889 674 1975 oppidum
703 1889 790 1976 quod
817 1890 945 1954 Verona
965 1887 1153 1975 appellatur.

397 1976 520 2039 Octava
542 1974 707 2060 provincia
727 1972 853 2053 Emilia,
875 1973 940 2036 inci
964 1974 1030 2036 iens
1052 1993 1071 2035 a
1092 1974 1224 2058 Liguria
1272 1972 1430 2050 rovincia,

310 2058 393 2122 inter
420 2057 463 2122 Al
487 2080 520 2122 es
549 2057 734 2122 Aenninas
766 2068 797 2121 et
825 2057 905 2121 Padi
936 1995 1063 2138 Auente,
1096 2079 1206 2121 versus
1287 2078 1431 2120 vennam

334 2144 423 2227 ergit.
499 2164 556 2206 aec
577 2080 788 2227 lbcupletibus
816 2139 948 2206 urbibus
978 2140 1083 2223 habet,
1110 2139 1285 2225 Plagentia,
1314 2140 1431 2226 Regio,

310 2164 434 2290 boonis
454 2234 486 2290 et
506 2227 590 2290 Foro
613 2224 760 2308 Cornelii,
783 2225 874 2290 cuius
896 2236 1034 2290 castrum
1056 2223 1157 2289 Imola
1177 2246 1218 2309 ap
1243 2222 1371 2288 ellatur,

394 2309 486 2374 Nona
507 2311 671 2396 provincia
698 2308 862 2374 Flaminea
889 2310 993 2393 posita
1021 2320 1068 2374 est
1094 2309 1176 2372 inter
1239 2329 1296 2392 pes
1321 2306 1432 2392 Apen-

195 2415 233 2471 ’μ
251 2420 300 2462 ree,
310 2393 402 2458 ninas
424 2405 454 2458 et
469 2415 555 2458 mare
570 2393 779 2457 Adriaticum.
822 2393 861 2455 In
882 2397 963 2478 *qua
984 2403 1058 2458 sunt
1077 2392 1275 2456 nobilissima
1296 2392 1432 2456 urbium

311 2477 463 2543 Ravenna
495 2489 526 2541 et
557 2478 697 2575 quinque
726 2475 805 2539 aliae
832 2477 976 2541 civitates
1006 2477 1189 2557 consistunt,
1225 2497 1286 2562 que
1321 2476 1431 2540 Greco

310 2560 466 2626 vocabulo
487 2559 687 2646 Pentapolim
708 2581 749 2646 ap
775 2559 941 2625 ellanturb.

393 2646 530 2709 Decima
564 2645 731 2730 provincia
783 2646 910 2730 icenum
943 2645 1080 2708 occurrit
1111 2655 1183 2730 post
1211 2642 1431 2725 Flamineam,

309 2729 350 2794 ab
375 2741 482 2795 austro
509 2727 604 2794 habet
633 2727 819 2814 Apenninos
844 2739 976 2809 montes,
1005 2751 1047 2792 ex
1074 2727 1171 2792 altera
1198 2737 1288 2813 parte
1311 2726 1432 2792 Adria·

309 2815 409 2878 ticum
441 2834 537 2878 mare.
584 2812 675 2877 Haec
707 2810 866 2897 pertendit
898 2833 999 2897 usque
1031 2811 1072 2876 ad
1104 2812 1237 2876 fluvium
1269 2811 1430 2876 Piscaria.

309 2897 349 2960 In
371 2917 434 2982 qua
455 2905 527 2958 sunt
554 2895 698 2960 civitates
719 2897 855 2978 Firmus,
884 2893 1022 2960 Asculus
1045 2905 1076 2960 et
1096 2897 1224 2977 Pennis,
1253 2897 1352 2980 etiam
1377 2919 1432 2961 ve-

309 2987 425 3044 tustate
448 2988 652 3064 consumptae
669 2978 833 3127 [Hadriapp
850 2991 872 3042 ⁰.

256 3097 258 3102 v
393 3061 571 3126 Undecima
624 3063 768 3126 rovincia
831 3061 944 3143 aleria,
983 3063 1036 3126 cui
1061 3062 1179 3127 Nursia
1205 3075 1253 3127 est
1287 3085 1430 3146 annexa,

310 3145 453 3210 consistit
473 3146 556 3209 inter
576 3084 743 3210 [imbriam
765 3155 796 3210 et
817 3144 1026 3232 Campaniam
1047 3156 1078 3211 et
1092 3147 1255 3228 Picenum,
1279 3169 1363 3232 quae
1389 3147 1431 3213 ab

311 3228 428 3294 oriente
451 3228 616 3293 Samnium
637 3230 799 3315 regionem
821 3229 955 3314 attingit.
998 3230 1068 3294 Hoc
1089 3230 1185 3295 habet
1206 3229 1303 3294 urbes
1327 3229 1432 3296 Tibu-

309 3313 379 3395 rim,
402 3311 562 3396 Carsiolis,
589 3314 697 3394 Reate,
719 3313 896 3378 Forconem
925 3323 956 3377 et
984 3312 1185 3379 Amiternum
1213 3323 1244 3379 et
1272 3316 1428 3400 regiones

309 3397 508 3461 Marsorum‘l
530 3408 692 3462 eteorum
713 3396 802 3462 lacus
824 3398 880 3484 qui
901 3398 1041 3462 Focinus
1063 3396 1248 3482 appellatur.

391 3481 593 3546 Duodecima
607 3482 771 3568 provincia
787 3480 952 3546 Samnium
966 3483 1048 3546 inter
1064 3482 1274 3580 Campaniam
1289 3490 1322 3546 et
1336 3505 1432 3547 mare

308 3564 507 3629 Adriaticum
533 3575 564 3630 et
585 3563 745 3651 Apuliam.
768 3566 859 3646 Quae
881 3588 900 3628 a
921 3565 1064 3630 Piscaria
1093 3565 1248 3651 incrpiens
1276 3565 1429 3631 habetur.
1482 3563 1483 3610 l

307 3649 347 3712 In
373 3647 433 3712 hac
456 3658 529 3712 sunt
549 3648 644 3714 urbes
667 3649 795 3731 Theate,
818 3647 1035 3730 Aufidienum,
1061 3648 1210 3713 Hisernia
1233 3657 1263 3714 et
1285 3652 1431 3736 antiqui-

307 3740 371 3797 tate
394 3743 579 3818 consumpta
594 3733 793 3818 Sampnium,
814 3755 834 3796 a
856 3755 920 3819 qua
934 3742 1000 3797 tota
1022 3734 1188 3818 provincia
1209 3734 1430 3818 nominature,

308 3825 341 3880 et
361 3818 432 3902 ipsa
452 3815 566 3879 harum
584 3817 820 3902 provinciarum
842 3827 938 3902 caput
959 3816 1115 3881 ditissima
1136 3816 1366 3881 Beneventum.
1482 3897 1483 3904 ἵ

391 3901 499 3965 Tertia
520 3899 645 3964 decima
664 3901 829 3986 provincia
842 3899 969 3985 Apulia,
993 3903 1171 3964 consociata
1186 3900 1249 3964 sibi
1261 3898 1429 3966 Calabria.

307 3981 379 4046 Hec
392 3983 488 4048 habet
509 3983 604 4049 urbes
627 3986 702 4048 satis
726 4006 743 4048 0
768 3983 889 4048 ulentas
910 3984 1090 4065 Luceriam,
1115 3982 1293 4070 Sipontum,
1315 3983 1430 4049 Canu-

309 4067 400 4146 sium,
423 4068 634 4150 Acerentiam,
656 4008 872 4150 Brundisium,
887 4067 1060 4132 Tarentum
1082 4069 1159 4132 etin
1181 4069 1307 4132 sinistro
1329 4069 1429 4135 Italic

309 4151 526 4298 {opnmtquod
540 4153 770 4239 quinquaginta
784 4151 912 4217 milibus
934 4153 1062 4234 distans,
1084 4161 1191 4237 aptam
1205 4153 1429 4218 mercimoniis
1480 4191 1483 4314 Ι

363 4257 420 4298 ron
435 4258 497 4298 um.

309 4356 332 4410 a)
349 4360 378 4400 cl.
393 4370 445 4410 exp.
461 4371 478 4402 c.
553 4360 577 4413 b)
594 4363 723 4412 appellatur
737 4373 755 4402 c.
840 4360 860 4413 c)
876 4363 907 4402 tta
924 4373 948 4401 ec
963 4362 1032 4402 Paulo
1048 4363 1152 4411 supplevi.
1229 4363 1430 4407 crassorum.
1481 4383 1483 4430 ἱ
