2994 4998
299 389 353 439 202
455 387 565 438 PAULI
585 385 758 438 HISTORIA
776 385 1113 439 LANGOBARDORUM.
1151 387 1222 438 LIB.
1243 389 1280 439 V.

299 563 519 642 perpeteretur
527 565 549 637 ⁰,
565 552 745 617 Thomamb
761 553 931 618 diaconem
947 566 1071 635 suumi,
1094 555 1272 640 sapientem
1298 551 1446 617 seilicet

298 649 330 704 et
356 638 541 724 religiosum
570 639 688 719 virum,
724 636 767 700 ad
803 659 876 700 eum
904 639 992 702 misit
1022 660 1142 784 pertpue
1179 638 1276 702 eumd
1318 637 1439 702 eidem

296 721 408 787 Alahis
445 720 720 787 benedictionem¹
755 731 884 785 sanctae
923 744 999 786 suae
1039 723 1192 786 eccesiae
1229 723 1438 786 transmisit.

297 808 485 872 Nuntiatum
500 816 548 872 θεῖ
563 805 684 887 Alahis,
707 804 864 869 Thomam
884 805 1051 870 diaconem
1065 814 1138 870 ante
1160 805 1244 870 fores
1266 805 1435 870 adstaree

297 891 615 975 benedictionemque
647 888 688 953 ab
725 889 895 987 episcopor
929 888 1079 955 detulisse
1088 901 1110 954 ⁰.
1164 889 1256 953 Tunc
1290 887 1437 970 Alabis,

188 999 221 1054 p.
238 1000 288 1044 rsa
297 978 362 1062 qui,
383 983 418 1039 ut
440 974 590 1055 diximus,
612 979 743 1036 *omnes
765 972 916 1038 clericosss
932 973 1005 1038 odio
1027 973 1175 1056 habebat,
1196 975 1242 1038 ita
1255 974 1377 1059 inquit
1392 975 1438 1038 ad

297 1082 385 1125 suos:
430 1059 504 1140 ‘Ite‚
533 1058 629 1122 dicite
651 1055 710 1138 illi,
733 1057 760 1120 si
781 1057 900 1121 munda
920 1056 1086 1122 femoralia
1106 1055 1211 1140 habet,
1232 1058 1355 1140 intret3
1384 1059 1437 1122 sin

296 1152 404 1209 autem
425 1141 525 1223 aliter,
546 1141 622 1205 foris
645 1143 806 1205 contineat
825 1141 961 1228 pedem’.
1004 1140 1145 1206 Thomas
1166 1162 1242 1206 vero
1263 1163 1345 1204 cum
1372 1141 1435 1206 hos

296 1249 457 1292 semones
479 1225 628 1309 audisset,
650 1226 695 1289 ita
719 1225 899 1311 respondit:
944 1225 1104 1290 ‘Nuntiate
1131 1226 1169 1308 ei,
1220 1226 1275 1289 uia
1298 1226 1436 1290 munda

296 1309 461 1376 femoralia
488 1309 601 1392 habeo,
633 1310 752 1397 quippe
782 1310 837 1394 qui
864 1311 923 1374 eall
955 1309 1050 1375 hodie
1071 1308 1137 1374 lota
1168 1247 1301 1374 indutus
1333 1309 1434 1374 sum'.

298 1395 360 1461 Oui
381 1393 493 1459 Alahis
516 1395 577 1458 itai
598 1395 711 1458 iterato
732 1393 914 1458 mandavit:
957 1394 1037 1480 ‘Ego
1059 1416 1124 1458 non
1145 1394 1218 1458 dieo
1233 1393 1299 1457 de¹¹
1324 1393 1434 1458 femo-

296 1479 427 1560 ralibus,
450 1478 506 1542 sed
521 1479 560 1542 de
575 1478 624 1542 his
662 1501 722 1542 uae
736 1479 821 1542 intra
843 1477 1007 1542 femoralia
1029 1477 1221 1543 habentur¹'.
1264 1476 1321 1540 Ad
1342 1477 1433 1543 haee

296 1562 437 1626 Thomas
451 1563 496 1627 ita
516 1584 632 1646 respon
667 1573 695 1627 t:
717 1561 785 1643 ute,
807 1561 902 1626 dicite
923 1561 986 1626 illi:
1007 1563 1097 1626 Deus
1119 1561 1204 1626 solus
1226 1569 1370 1646 potestm
1396 1563 1431 1626 in

296 1669 348 1710 me
370 1648 426 1710 in¹¹
447 1644 497 1708 his
519 1647 622 1709 causis
643 1644 942 1731 reprehensionem⁰
964 1646 1122 1728 invenire;
1148 1669 1222 1708 nam
1243 1643 1296 1708 ille
1320 1644 1431 1710 nulla-

296 1739 389 1795 tenus
433 1728 531 1794 otest’.
583 1728 728 1815 Cumque
757 1729 894 1794 eundem
921 1731 1088 1794 diaconem
1109 1728 1221 1794 Alahis
1249 1728 1292 1793 ad
1316 1751 1354 1792 se
1380 1731 1430 1793 in-

296 1813 387 1902 gredi
408 1751 534 1878 lecisset
542 1824 566 1895 1¹,
587 1825 720 1899 asperet
742 1814 819 1877 satis
841 1821 872 1878 et
894 1814 1111 1899 obiurgandor
1136 1835 1209 1878 cum
1231 1835 1269 1877 eo
1290 1811 1428 1879 locutus

297 1907 354 1964 est.
407 1898 499 1961 Tunc
533 1919 643 1961 omnes
677 1895 807 1960 clericos
841 1908 872 1962 et
904 1897 1083 1962 sacerdotes
1116 1921 1217 1997 pavor
1242 1907 1274 1962 et
1307 1897 1426 1962 odium
1488 1947 1489 1972 ,

296 1982 426 2068 tyranni
434 1984 457 2024 ¹¹*
479 1981 610 2064 invasit,
637 1981 890 2046 aestimantiums
921 2005 956 2047 se
977 1983 1046 2048 eius
1075 1981 1251 2047 feritatemt
1280 1980 1425 2046 tolerare

299 2067 427 2132 omnino
448 2087 512 2130 non
564 2087 645 2130 osse.
696 2064 941 2152 Coeperuntque
969 2075 1080 2131 tantou
1109 2065 1246 2152 amplius
1276 2063 1424 2129 Ouninc-

297 2161 425 2236 portum
464 2089 662 2230 desiderare,
710 2159 828 2235 quanto
869 2173 1075 2236 pervasorem
1110 2152 1201 2235 regni
1241 2149 1423 2236 superbum

297 2235 513 2300 execrationiv
541 2233 704 2299 haberent.
761 2233 826 2298 Sed
857 2255 921 2297 non
950 2234 1069 2299 diutius
1095 2234 1229 2300 feritasw
1258 2243 1290 2296 et
1319 2235 1423 2298 cruda

296 2318 459 2384 barbaries
504 2341 652 2383 ervasum
673 2340 808 2403 regnum
830 2319 974 2404 optinuit.

380 2403 430 2469 39.
508 2403 622 2488 enique
655 2425 729 2466 cum
763 2401 815 2466 die
841 2402 981 2550 guadam
1006 2401 1124 2466 solidos
1150 2424 1246 2487 super
1271 2425 1422 2466 mensam

295 2497 485 2570 numeraret,
507 2509 589 2550 unus
605 2487 633 2550 ei
647 2487 826 2550 tremisses¹
865 2509 882 2551 θ
903 2486 1040 2551 eademi
1055 2508 1165 2551 mensa
1180 2485 1304 2568 cecidit,
1321 2509 1421 2572 quem

294 2571 378 2636 filius
400 2571 534 2634 Aldonis
556 2569 661 2634 adhuc
682 2569 834 2655 puerulus
856 2569 895 2634 de
918 2581 1003 2635 terra
1025 2569 1185 2655 colligens,
1214 2569 1321 2634 eidem
1343 2569 1421 2634 Ala-

295 2655 366 2719 hisz
388 2654 535 2720 reddidit.
578 2653 632 2717 Ad
653 2664 769 2739 quemil
790 2653 918 2738 Alahis,
945 2677 1076 2740 sperans
1125 2653 1271 2718 uerulum
1300 2675 1421 2738 parum

295 2737 515 2823 intellegereb,
549 2736 595 2800 ita
623 2735 745 2810 locutus
774 2747 835 2802 est:
885 2738 1012 2803 ‘Multos
1041 2761 1083 2802 ex
1135 2739 1160 2802 's
1189 2738 1315 2884 {enitor
1344 2747 1419 2802 tuus

294 2822 400 2905 habet,
423 2833 525 2908 quos⁰
540 2821 618 2884 mihi
638 2823 671 2884 in
692 2822 850 2907 proximo,
873 2825 900 2887 si
919 2824 1010 2888 Deus
1025 2821 1169 2904 voluerit,
1217 2831 1328 2886 aturue
1351 2825 1418 2886 est.

296 2907 362 2986 Qui
382 2927 463 2991 puer
488 2926 562 2968 cum
587 2926 719 2990 vespere
749 2905 879 2970 domum
908 2907 950 2970 ad
979 2916 1103 2992 patrem
1130 2927 1293 2991 regressus
1321 2915 1418 2990 esset,

295 3047 318 3102 a)
334 3048 488 3098 perpetuetur
503 3046 524 3086 A
540 3049 560 3088 1.
576 3048 597 3087 4.
614 3047 635 3090 5.
651 3049 669 3088 l*
687 3051 706 3090 1.
722 3045 758 3099 '23
774 3054 934 3101 perpeteretur
949 3051 969 3091 A
979 3053 999 3092 6.
1017 3052 1038 3092 G
1054 3053 1124 3102 1-83
1139 3054 1285 3102 perpetretur
1300 3049 1351 3092 Aa.
1368 3052 1416 3102 123

295 3106 544 3158 patescarmen.
569 3108 588 3147 u
606 3108 626 3148 1.
649 3108 668 3147 F
683 3110 705 3148 4.
721 3109 742 3150 5.
767 3109 788 3150 G
803 3106 835 3150 ’5.
859 3109 879 3149 1.
896 3113 915 3149 1.
988 3109 1013 3162 5)
1029 3111 1129 3151 Thomas
1198 3121 1256 3153 cerr.
1272 3111 1417 3150 'rhomaeunr

295 3167 314 3206 Ε·
331 3168 352 3208 1.
372 3185 393 3195 ··
413 3169 490 3205 autem
505 3167 556 3207 add.
574 3165 594 3206 G
610 3167 676 3205 1-4.
750 3166 771 3218 θ)
788 3179 829 3208 suo
853 3167 874 3208 G
891 3169 910 3208 1.
927 3169 949 3210 4.
1024 3168 1047 3221 d)
1063 3181 1086 3220 p.
1103 3181 1173 3220 quem
1189 3167 1244 3222 (que
1266 3169 1287 3209 A
1303 3168 1343 3221 17)
1360 3179 1415 3209 eum

295 3225 316 3266 A
332 3227 352 3264 1.
369 3224 390 3266 1.
406 3224 427 3266 4.
442 3226 461 3265 Β
480 3226 501 3265 1,
518 3226 557 3264 El
574 3223 632 3277 (poet
648 3223 707 3276 det).
724 3227 779 3277 F23
795 3237 883 3277 perque
900 3238 952 3268 eum
967 3238 1019 3268 eum
1036 3229 1111 3269 eidem
1126 3229 1182 3278 A85
1197 3239 1240 3278 per
1255 3238 1323 3278 quem
1339 3228 1416 3268 eidem

298 3283 323 3326 O·
340 3284 369 3324 D·
384 3284 403 3323 F
420 3285 440 3324 1.
458 3282 485 3325 G·
501 3283 530 3326 H.
546 3285 565 3325 Ι.
582 3305 608 3315 -
625 3284 687 3324 idem
702 3285 721 3324 B
739 3286 759 3326 1.
805 3283 828 3337 θ)
845 3285 946 3326 adstaret
963 3309 988 3318 -
1005 3288 1125 3329 detulisset
1139 3289 1158 3328 P
1175 3289 1195 3328 1.
1213 3286 1234 3328 G
1251 3289 1270 3327 1.
1288 3287 1310 3327 1.
1356 3287 1414 3338 ob.

296 3352 366 3392 quam
383 3342 410 3383 ab
427 3352 463 3393 ep.
478 3347 601 3393 acceperat
616 3342 640 3385 G.
656 3343 685 3385 D.
702 3344 714 3383 Ι
731 3345 751 3383 1.
821 3341 844 3396 ε)
861 3345 935 3385 eleros
950 3344 972 3384 A
989 3349 1007 3387 1.
1082 3344 1107 3397 h)
1124 3347 1180 3396 quia
1195 3356 1224 3386 ea
1238 3345 1259 3386 A
1274 3345 1296 3387 5.
1312 3345 1333 3385 6.
1350 3347 1369 3386 Β
1388 3347 1415 3396 1ς

296 3403 351 3452 quta
366 3401 388 3444 h.
406 3401 431 3444 G.
447 3403 476 3442 D.
492 3403 519 3442 Ε.
535 3403 561 3442 F.
579 3402 599 3444 G
616 3403 679 3443 1-4.
696 3403 725 3444 Η.
743 3403 766 3452 Ι;
783 3414 842 3452 quae
859 3403 979 3445 (15.11.
1047 3403 1065 3457 1)
1081 3406 1178 3446 acatii.
1195 3405 1229 3454 G;
1244 3405 1276 3445 ite
1292 3405 1374 3444 iterato
1391 3410 1416 3446 et

296 3461 366 3502 dicite
381 3461 418 3501 illi
433 3461 488 3510 quia
503 3472 546 3510 ego
563 3461 588 3514 0,
610 3472 667 3502 corr.
690 3463 809 3502 mandavit
824 3464 855 3503 ite
871 3463 939 3504 dieite
959 3464 996 3503 illi
1010 3465 1066 3513 quia
1080 3475 1123 3514 ego
1138 3465 1159 3504 D
1177 3465 1197 3517 1,
1220 3469 1239 3503 et
1254 3464 1363 3503 1111111τί
1377 3465 1414 3514 Β)

295 3519 332 3562 Al.
355 3520 474 3570 respondit
495 3521 587 3570 11.23
611 3532 629 3563 r.
654 3521 724 3562 dicite
748 3523 770 3560 ei
794 3522 849 3571 quia
871 3533 915 3570 ego
937 3523 1037 3563 11.1e.
1112 3521 1137 3575 k)
1150 3529 1201 3573 poet
1220 3523 1291 3573 suppl.
1315 3520 1337 3562 G
1352 3524 1371 3562 1.
1390 3523 1412 3563 1.

295 3578 313 3631 l)
329 3579 399 3619 habet
414 3579 435 3619 G
450 3579 491 3628 ³⁸3
506 3580 585 3619 suntI
603 3582 622 3620 l.
683 3578 715 3631 m)
731 3584 813 3630 potens
830 3580 880 3621 Gi.
897 3582 917 3621 1.
978 3580 1412 3632 n)deeatF1.G1-4;poeteappl.

295 3639 324 3678 de
339 3639 357 3677 F
375 3640 395 3678 1.
413 3637 433 3680 G
449 3639 470 3689 1,
485 3643 503 3676 et
519 3639 551 3677 ita
566 3639 584 3678 F
600 3639 622 3680 4.
640 3638 660 3680 G
675 3639 698 3680 5.
774 3637 797 3690 ο)
814 3639 1000 3690 reprehensionis
1016 3639 1037 3680 A
1053 3642 1075 3683 1.
1147 3640 1171 3694 p)
1186 3641 1268 3681 inisset
1283 3641 1303 3680 A
1319 3640 1339 3680 1.
1356 3640 1374 3679 F
1392 3643 1413 3681 1.

295 3696 319 3750 q)
336 3708 419 3747 aspere
435 3696 452 3737 G
468 3693 498 3735 *1.
517 3699 536 3738 1.
595 3695 615 3749 r)
633 3698 799 3747 obiuroesndum
816 3698 836 3738 G
854 3699 923 3748 1-35
938 3698 1082 3747 obiurganda
1096 3701 1136 3740 11.
1196 3696 1226 3750 ι’)
1243 3699 1347 3751 tyrranni
1361 3697 1412 3743 Al.

295 3754 316 3808 s)
332 3757 464 3796 estimantes
480 3754 500 3794 A
517 3755 570 3797 51·
586 3752 617 3796 ’1.
636 3756 656 3798 G
672 3757 707 3798 ta.
725 3757 745 3796 H
763 3757 809 3797 1.1
826 3758 846 3800 1.
863 3777 889 3787 -
913 3757 1080 3799 fraternitatem
1095 3762 1111 3799 t.
1129 3758 1150 3798 G
1164 3758 1198 3799 5ο.
1259 3758 1276 3812 1)
1290 3758 1411 3799 veritatem

294 3817 313 3855 F
331 3817 352 3854 1.
370 3815 389 3855 G
406 3817 426 3855 1.
494 3813 518 3866 ιι)
534 3816 589 3854 deest
605 3815 622 3856 G
640 3818 659 3856 1.
678 3818 698 3858 1.
714 3817 735 3856 4.
801 3814 825 3867 v)
842 3816 989 3856 exacratione
1009 3817 1034 3859 G.
1051 3818 1081 3859 D.
1096 3819 1116 3858 E
1134 3820 1155 3858 1.
1172 3817 1193 3858 G
1209 3819 1229 3859 1.
1245 3817 1266 3859 1.
1283 3838 1310 3848 -
1327 3817 1411 3858 habere
1484 3829 1485 3848 ι

295 3875 316 3914 D
333 3874 354 3914 3.
371 3873 405 3924 G3
420 3873 534 3914 habentur
549 3874 566 3914 G
584 3876 604 3915 1.
664 3872 694 3926 w)
710 3875 779 3914 feritu
794 3873 815 3914 A
831 3874 857 3925 ³3
873 3873 942 3915 terite
957 3876 998 3916 sed
1014 3875 1034 3917 G
1051 3877 1115 3919 1-4.
1133 3897 1158 3908 -·
1174 3877 1296 3917 barbarius
1312 3874 1411 3926 G8a43
1484 3915 1485 3930 ,

295 3933 405 3982 aequantia
432 3955 458 3964 -
481 3933 569 3973 iaceret
591 3934 652 3983 quod
668 3934 809 3983 Ouuincpert
831 3932 857 3986 (c.
873 3931 912 3986 41)
935 3935 978 3977 des.
1002 3935 1024 3974 D
1041 3936 1076 3988 la,
1093 3935 1158 3985 solite
1181 3937 1265 3976 duetus
1286 3935 1408 3985 deposcitis.

295 3989 320 4042 x)
335 3992 454 4032 tremissas
469 3990 490 4031 A
505 3989 536 4034 ’3,
553 3992 573 4032 5.
591 3992 609 4034 G
626 3994 646 4036 1.
661 3993 682 4032 D
700 3995 720 4033 1.
738 3994 758 4032 1.
775 3989 821 4034 'aa
838 3993 850 4032 Ι
866 3993 891 4043 13
914 3995 1025 4034 tremissis
1041 3995 1062 4035 D
1079 3994 1100 4047 1,
1116 3996 1163 4036 atti.
1222 3993 1247 4047 y)
1263 3993 1409 4045 11511111)

295 4054 312 4091 t.
327 4049 379 4088 dem
394 4060 426 4089 m.
443 4049 461 4090 G
477 4051 498 4091 1.
559 4049 581 4102 a)
598 4051 635 4094 Al.
652 4062 671 4094 r.
686 4051 714 4092 A.
731 4063 753 4100 q.
769 4052 812 4094 dee.
830 4052 847 4093 G
865 4053 885 4094 1.
900 4051 948 4092 1¹5.
1009 4051 1033 4106 a)
1049 4052 1131 4104 Adque
1146 4053 1167 4094 A
1183 4055 1203 4094 1.
1220 4055 1241 4094 1.
1257 4055 1275 4093 F
1293 4055 1315 4104 13
1333 4053 1408 4103 Atque

297 4107 318 4148 G
334 4108 398 4158 1-4‚
414 4118 471 4147 corr.
486 4107 522 4148 Ad
538 4119 606 4158 quem
621 4110 640 4150 F
655 4111 676 4152 4.
752 4109 776 4162 b)
791 4111 953 4160 intellegerent
968 4113 987 4152 F
1004 4114 1023 4152 1.
1092 4110 1335 4165 etquodnam
1354 4115 1408 4156 1.1.

295 4165 1077 4222 111111ωιιω...ᾳιιοθο·1.1;ιιιιιιιιιω...ᾳιιοᾱο1;
1101 4171 1407 4225 multo...quodG1.a,

296 4230 315 4265 et
338 4225 370 4265 t'tu
391 4225 416 4264 in
431 4226 625 4276 arctetppofiu'ese
637 4229 742 4278 putarim.

298 4358 324 4423 i)
345 4354 406 4410 dioc
425 4355 563 4425 salopiam,
581 4359 677 4412 scilicet
690 4376 792 4426 paoem
810 4359 980 4414 benedictam.
1018 4362 1075 4413 ΒΕ.
