3040 5014
343 442 466 494 ,PAULI'
477 443 651 495 HISTORIA
669 443 1002 497 LANGOBARDORUM.
1194 446 1230 494 ‘23

211 612 303 676 Unus
326 611 443 674 alteros
465 632 530 674 nou
551 611 605 674 lon
629 634 645 674 e
668 633 688 674 a
704 610 804 675 Pauli
826 621 927 676 aetate
950 613 1044 694 abest,
1069 612 1129 678 alii
1150 621 1231 679 certe

118 720 203 760 saec.
220 696 276 759 IX.
298 694 347 759 uel
361 694 399 757 X.
423 695 562 776 enarati,
578 633 728 779 plerique
747 697 922 780 posteriori
941 706 1042 761 aetate
1063 718 1163 780 usque
1186 699 1232 762 ad

119 782 204 844 artis
218 779 477 866 typographicae
491 779 695 842 incunabula
713 778 877 864 descripti.
913 779 963 844 De
979 781 1094 866 quibus
1134 783 1231 846 artim

118 865 315 944 Betlrmann‚
340 863 467 947 partim
494 863 563 1008 ipse
591 865 627 926 iu
656 860 842 927 Annalibus
870 861 989 928 n'ostris
1012 804 1151 946 (Arabio
1174 867 1231 930 der

13 985 14 988 κ
120 947 334 1031 Gesellscbaft
362 945 429 1028 VII,
447 968 484 1029 p.
515 944 563 1046 275·
575 968 642 1032 sqq.
664 946 701 1028 X,
720 967 757 1030 p.
783 945 843 1009 317
866 968 911 1031 sq.
932 947 1038 1012 Neues
1059 949 1229 1030 ArabioI,

12 1065 14 1072 r
113 1055 153 1116 p.
175 1030 237 1095 535
259 1034 343 1115 sqq.)
363 1029 483 1114 fusius
510 1053 525 1093 e
549 1053 642 1093 rmus.
687 1031 750 1096 Hie
777 1031 923 1115 sinqulos
950 1032 1085 1096 breviter
1105 1041 1231 1096 tantum

118 1124 351 1193 recensemus¹,
374 1112 490 1198 plures
535 1114 726 1178 isccrnentes
754 1114 882 1194 classes,
909 1115 1024 1180 litteris
1053 1117 1231 1202 majoribus

97 1200 288 1264 ‘indicatas
310 1195 358 1279 (A
382 1199 396 1260 1
422 1219 488 1282 sqq.
489 1201 516 1276 ).

208 1282 255 1367 (1)
279 1281 428 1344 Omnium
419 1281 501 1426 Aqui
515 1290 642 1344 arostarii
657 1283 907 1366 antiquissimus
919 1291 964 1345 est
978 1285 1078 1347 eodem
1093 1285 1194 1348 resori
1220 1322 1231 1332 ·

120 1377 174 1428 tus
196 1363 397 1430 bibliothecae
457 1366 661 1447 sisiensis,
681 1369 794 1450 prima
814 1389 916 1430 manu
937 1367 1050 1430 litteris
1074 1389 1156 1451 quas
1182 1306 1230 1432 di·

120 1459 199 1514 cunt
226 1447 412 1512 uncialibus
434 1469 517 1511 saec.
548 1447 633 1512 VIII.
656 1459 804 1530 creante,
833 1458 869 1511 ut
889 1451 1032 1530 videtin,
1062 1460 1229 1532 enaratus,

118 1535 157 1598 iu
180 1555 243 1617 quo
255 1531 453 1680 flagmema
473 1531 551 1597 libri
565 1532 609 1595 II.
625 1541 653 1595 et
675 1533 707 1598 V.
729 1534 939 1618 deprehendit
952 1534 1146 1599 Betbmann.
1179 1535 1229 1599 De

119 1639 258 1702 quorum
278 1640 316 1681 en
342 1615 388 1680 olc
409 1637 438 1679 o.
460 1615 504 1679 N.
527 1615 626 1680 Arcb.
647 1616 668 1679 l.
689 1616 711 1680 l.
728 1639 765 1701 p.
788 1615 859 1680 537.

207 1699 254 1785 (2)
277 1701 309 1763 A
332 1699 359 1762 1.
403 1699 567 1764 Ecclesiae
596 1700 794 1764 cathedralis
820 1701 1129 1787 Forojulicnsis
1156 1701 1230 1785 (Ci-

117 1785 367 1865 uitatensis),
397 1785 434 1847 iu
455 1785 534 1869 ipsa
554 1783 654 1848 Pauli
667 1786 804 1932 patria,
835 1793 870 1848 ut
890 1784 1033 1865 uidetur,
1063 1795 1230 1864 erraratus,

118 1893 144 1933 s.
169 1869 225 1932 IX.
247 1869 362 1949 medio,
391 1891 492 1932 manu
519 1891 598 1949 una,
627 1891 665 1932 ca
680 1891 752 1933 amo
774 1870 937 1949 continuo,
960 1878 1137 1934 atramento
1158 1869 1229 1932 sub·

107 1953 232 2038 fusco;
262 1953 490 2038 quaterniones
510 1951 644 2036 formae
672 1954 858 2016 octonariae
886 1961 980 2016 erant
1002 1953 1050 2033 13,
1076 1977 1092 2017 e
1135 1953 1231 2018 aibas

113 2039 222 2122 primi
233 2036 326 2120 folia
355 2037 505 2121 quinque
518 2037 640 2120 priora
668 2057 739 2100 cum
765 2039 896 2120 septimo
923 2035 1089 2122 ultimique
1105 1977 1231 2122 lolium

114 2123 264 2206 primum
291 2143 362 2182 oum
392 2129 500 2184 octauo
523 2120 729 2202 cucidernnt;
759 2120 865 2184 lineae
918 2143 954 2184 er
966 2122 1134 2221 paqinam
1155 2129 1231 2184 sunt

119 2203 395 2284 suessonam,
428 2207 485 2288 qui
513 2205 549 2266 in
575 2204 707 2268 ecclesia
728 2207 852 2290 majore
902 2203 1107 2288 braya-liena,
1135 2226 1231 2268 cauo-

118 2292 193 2354 nico
220 2290 259 2353 de
287 2287 445 2352 Orlandis
475 2287 662 2372 adjuvante,
692 2288 791 2372 bajus
817 2297 952 2372 pretiosa
980 2286 1056 2352 lrbm
1083 2287 1231 2352 lectiones

119 2381 273 2438 accurate
295 2373 445 2451 enotavit,
469 2371 508 2434 de
531 2373 602 2452 ipso
625 2372 703 2434 baec
726 2379 895 2453 praeterea
915 2372 1056 2434 monuit:
1079 2371 1231 2435 ‘Habitus

115 2457 219 2542 plane
245 2465 281 2518 ut
306 2457 343 2518 in
371 2455 477 2538 lequm
505 2453 670 2516 codicibus
696 2453 819 2516 saeculi
845 2453 896 2515 IX
899 2475 911 2534 ‚·
942 2451 1066 2518 litterae
1085 2453 1231 2518 initiales

118 2561 221 2624 neque
244 2539 443 2602 ornamentis
465 2558 565 2622 neque
580 2535 738 2600 coloribus
751 2537 939 2622 insiqnitae‚
961 2537 1097 2602 maculis
1118 2537 1231 2602 solum-

119 2624 214 2688 modo
229 2644 317 2685 nuuc
332 2621 451 2684 uiridis
465 2643 552 2682 nunc
567 2621 670 2684 crocei
685 2619 801 2684 eoloris
813 2621 993 2702 distinctae,
999 2621 1116 2706 formu
1127 2623 1231 2686 Mero-

121 2706 263 2792 oinqicis
285 2703 478 2769 simillimae.
523 2701 673 2788 Capitum
694 2706 823 2768 numeri
844 2713 1021 2769 atramento
1043 2707 1175 2770 errarati
1194 2708 1230 2771 in

121 2789 208 2854 ealce
224 2787 452 2874 praecedentis
467 2788 622 2872 cujusque
637 2789 767 2872 capitis,
786 2811 853 2852 non
867 2789 903 2851 in
918 2791 1077 2874 marqine.
1117 2789 1231 2853 Vocum

12 2899 14 2918 ³
120 2875 240 2938 divisio
261 2873 434 2936 admodum
455 2894 583 2935 manea.
617 2871 790 2936 Scribendi
811 2873 1004 2956 compendia
1012 2875 1229 2958 paucissima.

12 3005 13 3010 .
121 2957 201 3021 Alia
228 2977 347 3020 manus
370 2977 435 3040 per
461 2963 560 3019 totum
588 2956 728 3020 codicem
754 2956 805 3020 bio
835 2953 903 3020 illic
933 2957 1094 3042 quaedam
1121 2959 1230 3020 miuus

119 3043 194 3106 bene
224 3041 383 3104 correuit'.
428 3040 560 3104 Teutam
587 3040 638 3104 bic
659 3040 818 3104 traditum
839 3061 980 3104 strumae
1002 3062 1068 3104 csse
1091 3043 1230 3106 auctori·

119 3128 206 3206 tatis,
227 3147 300 3188 cum
321 3123 524 3187 Betbmanno
540 3145 606 3188 non
615 3145 790 3208 possumus
805 3125 885 3207 quin
900 3132 1090 3188 statuamus.
1119 3125 1230 3208 Neque

118 3219 225 3274 tamen
244 3207 369 3272 mendis
391 3215 488 3286 caret,
506 3216 535 3270 et
549 3208 584 3270 in
600 3207 766 3272 uerborum
778 3205 902 3291 formis
918 3209 1137 3291 opprimendis
1152 3231 1230 3272 non·

121 3315 298 3376 numquam
314 3291 353 3354 ab
370 3293 500 3376 arcbetp
527 3313 543 3354 a
559 3291 667 3354 scriba
681 3292 846 3355 recessisse
861 3291 998 3356 ridetur.
1033 3291 1230 3378 Scripturae

119 3377 279 3463 specimen
300 3374 374 3438 uide
394 3376 432 3438 in
453 3384 489 3436 ta
510 3373 567 3438 ula
588 3373 783 3440 Leditionis
804 3376 949 3460 majoris.

203 3458 274 3606 '‘lqss)
297 3456 372 3522 Α2.
420 3458 655 3522 Vaticanus
676 3458 738 3522 Nr.
753 3457 845 3538 4917,
869 3458 943 3522 olim
958 3457 1079 3538 Sirleti,
1102 3458 1277 3530 membres.
1295 3480 1330 3522 rs.

120 3545 150 3608 4.
166 3567 190 3607 s.
236 3543 262 3624 l,
285 3543 342 3628 qui
359 3551 494 3626 praeter
509 3543 690 3607 Historiam
704 3542 996 3628 Lauqobardorum
1013 3551 1077 3606 tres
1093 3543 1229 3606 continet

111 3627 299 3712 formulas:
329 3623 471 3706 Qualiter
498 3627 651 3711 patricius
681 3625 721 3690 sit
748 3625 918 3689 faciendus
964 3624 1107 3705 Qualiter
1133 3624 1231 3689 iudex

122 3709 360 3774 constituendus
383 3709 432 3773 sit.
476 3707 618 3790 Qualiter
639 3709 801 3774 Romanus
826 3708 896 3774 fieri
917 3707 1032 3773 debeat
1053 3715 1098 3792 (o.
1123 3707 1229 3773 (liesc-

122 3795 228 3860 breobt
248 3794 288 3856 K.
313 3791 351 3856 Gr.
374 3793 401 3874 I,
422 3817 455 3878 p.
468 3793 557 3874 884).
600 3795 681 3858 Inde
702 3793 820 3858 librum
841 3794 963 3858 Romae
985 3794 1140 3878 scriptum
1167 3814 1231 3858 esse

123 3877 196 3943 colli
219 3879 338 3942 endum
352 3886 405 3941 est.
438 3877 566 3941 Indices
582 3900 646 3964 per
668 3877 804 3963 sinqula
825 3879 936 3962 capita
951 3879 1071 3962 sparsi,
1093 3877 1130 3941 id
1145 3878 1231 3963 quod

124 3903 248 4028 acridae
269 3961 475 4026 tribuendum
497 3983 561 4026 esse
581 3963 740 4026 uidetur².
776 3961 873 4026 Iriber
894 3983 964 4024 cum
986 3961 1044 4024 Al
1069 3959 1231 4046 affinitate

123 4048 314 4132 conju-nctus
335 4068 436 4132 neque
464 4056 572 4110 tamen
593 4068 633 4112 ero
655 4047 712 4110 boc
725 4045 839 4131 fluuit,
865 4067 1110 4132 nonnumquam
1136 4045 1230 4110 etiam

58 4311 61 4320 Δ
127 4257 152 4320 1)
166 4253 268 4320 Omnes,
288 4255 423 4322 dequibus
443 4253 581 4307 aliternon
599 4253 696 4319 monui,
708 4253 858 4306 Betlrrnenu
875 4252 932 4319 ipse
941 4252 1043 4304 euoluit.
1118 4249 1228 4318 2)Nou

125 4329 235 4396 conquas
255 4328 328 4381 libris
343 4331 424 4380 uerba
438 4327 598 4396 praemittit.-
615 4329 647 4379 In
666 4345 691 4381 n.
711 4329 745 4380 D.
764 4330 817 4379 ino.
838 4325 956 4395 capitulo
976 4326 1008 4378 de
1028 4325 1137 4377 historia
1156 4325 1226 4374 Lsn·

124 4403 299 4468 gobardomm
319 4411 364 4456 etc.
