2994 4998
269 401 380 454 PAULI
399 399 575 452 HISTORIA
593 399 930 454 LANGOBARDORUM.
967 400 1039 454 LIB.
1060 401 1092 452 V.
1203 399 1254 451 18⁷

131 567 210 654 quia
224 588 258 630 re
284 567 359 630 'naa
378 564 535 652 quaedam
564 568 625 632 exl
646 564 709 631 alia
736 567 902 652 provincia
925 568 1056 632 veniens
1088 565 1255 631 basilicam

129 650 220 716 beati
274 648 408 714 ohannis
446 649 489 714 ba
512 650 606 714 tistae
643 651 677 714 in
711 647 999 735 Langobardorum
1030 650 1147 716 finibus
1180 671 1254 715 con·

128 735 264 816 struxit,
298 741 330 796 et
349 742 481 819 propter
489 673 652 832 Phocfipse
673 733 786 798 beatus
806 731 967 798 Iohannes
988 754 1047 820 pro
1068 733 1251 819 Langobar·

130 816 246 880 dorum
271 827 387 901 gente⁰
416 816 564 880 continue
593 815 771 881 mtercedit.
824 817 940 882 Veniet
971 825 1078 882 autem
1109 827 1248 902 tempus,

129 899 261 984 quando
282 899 294 962 i
318 899 402 964 sudd
430 898 593 964 oraculum
617 899 787 965 habebitur
811 900 987 987 despectui,
1015 909 1047 964 et
1068 909 1144 964 tunc
1169 922 1248 984 gens

129 984 203 1068 ipsa
223 922 342 1068 peribit
350 985 381 1046 θ’.
426 982 522 1064 Quod
542 1005 601 1047 nos
622 985 668 1049 ita
688 983 810 1048 factum
832 984 921 1048 essef
942 983 1166 1070 probavimus,
1194 983 1250 1070 qui

130 1076 206 1131 ante
236 1065 524 1152 Langobardorum
554 1067 767 1152 perditionem
801 1068 936 1132 eandem
962 1065 1072 1132 beati&
1097 1066 1250 1147 Iohannis

131 1148 312 1232 basilicam,
340 1171 422 1236 quae
443 1151 554 1236 utique
576 1151 611 1214 in
630 1149 701 1216 loco
725 1153 781 1236 qui
801 1151 942 1215 Modicia
969 1151 1086 1215 dicitur
1107 1160 1156 1215 cst
1178 1171 1252 1215 con·

130 1233 257 1315 stituta,
283 1255 343 1320 per
363 1232 442 1299 viles
463 1255 615 1319 personas
638 1233 778 1299 ordinari
800 1235 1043 1321 conspeximus,
1070 1235 1117 1298 ita
1142 1241 1178 1298 ut
1205 1235 1253 1297 in-

133 1315 240 1400 dignis
266 1327 299 1381 et
330 1316 481 1381 adulteris
507 1339 573 1381 non
598 1340 657 1403 pro
684 1319 769 1383 vitae
796 1319 920 1399 merito,
950 1317 1007 1382 sed
1034 1319 1252 1403 praemiorum

130 1398 260 1464 datione
271 1401 296 1482 ¹²,
317 1399 441 1465 isdemh
463 1399 553 1465 locus
574 1400 765 1466 venerabilis
787 1400 964 1487 largiretur.

216 1485 245 1548 7.
287 1485 392 1569 Igitur
407 1506 489 1568 oum,
506 1493 542 1548 ut
556 1485 707 1567 diximus,
733 1485 891 1550 Constans
907 1492 1062 1570 augustus
1077 1484 1252 1548 Tarentum

129 1569 279 1650 venisset,
313 1590 460 1652 egressus
498 1568 638 1652 exindei,
676 1570 975 1634 Beneventanorum
1014 1567 1093 1632 fines
1135 1568 1253 1632 invasit

129 1671 305 1737 omnesque
332 1673 414 1737 pene
443 1674 502 1738 per
532 1674 611 1738 quas
640 1661 773 1717 venerat
796 1651 1081 1738 Langobardorum
1108 1651 1251 1716 civitates

129 1735 227 1820 cepit.
279 1735 472 1800 Luceriaml
506 1757 648 1834 quoque,
690 1735 873 1800 oulentam
906 1734 1045 1822 Apuliae
1078 1735 1250 1817 civitatem,

129 1826 350 1904 expugnatam
380 1818 493 1883 fortius
514 1818 671 1884 mvadens
699 1758 813 1901 diruit,
836 1818 893 1884 ad¹
923 1817 1026 1883 solum
1054 1839 1155 1904 usque
1177 1839 1249 1918 pro-

128 1903 250 1965 stravit.
304 1901 507 1988 agerentiam
535 1925 610 1967 sane
642 1913 774 2001 propter
801 1903 1049 1968 munitissimam
1074 1901 1136 1966 loci
1164 1923 1250 1987 pos1·

127 1985 248 2050 tionem
270 2006 384 2071 capere
406 1986 538 2050 minime
560 1994 675 2072 poturi.
718 1986 846 2051 Deinde
868 2009 942 2051 cum
970 1985 1058 2050 omni
1079 2007 1137 2050 suo
1159 2007 1250 2050 exer·

126 2068 193 2131 citu
208 2069 428 2134 Beneventum
450 2069 660 2134 circumdedit
681 2077 713 2134 et
737 2091 809 2134 eam
836 2070 1040 2134 vehementer
1062 2089 1248 2154 expugnare

127 2153 248 2237 coepit3
275 2151 332 2218 ubi
360 2161 438 2216 tunc
464 2152 654 2234 Romualdn,
696 2151 877 2217 Grimualdi
912 2152 997 2216 filius
1018 2151 1123 2215 adhuc
1159 2153 1248 2216 iuve-

201 2346 308 2382 suorum
326 2331 501 2383 facultatibus
520 2333 549 2381 in
574 2332 674 2383 honore
693 2333 803 2385 Domini
822 2336 850 2382 et
876 2331 965 2381 sancti
983 2331 1111 2382 Iohannis
1131 2331 1248 2397 baptiste

202 2405 274 2454 omni
293 2409 412 2470 tempore
431 2406 459 2455 in
478 2404 522 2455 die
541 2405 691 2456 nativitatis
706 2421 754 2456 sus
774 2404 850 2454 offert
869 2405 904 2454 ad
923 2405 1010 2469 ipsum
1030 2403 1167 2454 oraculum
1186 2404 1247 2455 loeo
1341 2445 1343 2449 .

201 2479 295 2543 quiin
319 2477 456 2528 Modoetia
485 2476 591 2530 dicitur.
628 2479 698 2530 Vere
723 2482 813 2528 tamen
837 2476 888 2526 tibi
914 2476 1011 2526 dicturi
1035 2492 1125 2528 snmus
1144 2477 1172 2526 in
1192 2477 1247 2528 Do·

201 2550 288 2601 mino:
306 2552 398 2602 veniet
416 2555 505 2601 autem
529 2555 634 2618 tempus
654 2555 681 2601 et
707 2551 773 2614 dies,
803 2548 910 2616 quando
934 2550 1020 2614 ipsum
1048 2565 1129 2614 supra
1147 2564 1247 2600 memo·

200 2628 287 2674 ratum
303 2623 440 2674 oraculum
459 2639 551 2674 omnes
571 2623 734 2674 habitatores
759 2628 829 2673 terre
853 2621 930 2673 huius
950 2621 1089 2672 habebunt
1108 2621 1248 2686 despectui

200 2700 228 2746 et
246 2711 338 2747 omnes
365 2698 422 2748 eius
445 2696 587 2748 facultates
615 2696 678 2747 inde
704 2695 848 2761 expellent,
875 2699 903 2745 et
930 2693 1043 2745 famulos
1071 2710 1104 2744 ac
1125 2693 1248 2757 famulas,

200 2769 247 2835 qui
259 2769 298 2819 ibi
317 2770 432 2821 subiecti
447 2775 515 2833 sunt,
535 2774 644 2836 propter
662 2769 805 2820 facultates
826 2783 915 2819 sorum
929 2783 993 2832 sepe
1012 2767 1134 2832 affligent
1148 2783 1202 2830 eos,
1222 2772 1249 2818 et

199 2841 364 2906 sacerdotes,
385 2845 430 2908 qui
442 2842 481 2893 ibi
501 2842 661 2906 deserviunt,
681 2842 725 2892 dic
739 2857 772 2892 ac
787 2847 866 2893 nocte
886 2841 1000 2906 inquieti
1019 2845 1097 2890 erunt
1115 2841 1202 2902 nimis,
1223 2845 1249 2890 st

199 2914 352 2966 auferentur
371 2932 423 2981 que
442 2915 547 2966 illorum
567 2920 637 2966 snut.
674 2915 787 2980 Propter
806 2915 857 2965 hec
884 2915 998 2964 ducetur
1015 2915 1071 2964 vita
1095 2913 1201 2962 illorum
1220 2913 1248 2962 in

198 2989 383 3040 amaritudine.
413 2988 526 3051 Quando
537 2989 588 3039 hec
597 2988 800 3051 inchoabnutur,
816 2993 842 3038 et
850 3003 898 3037 vos
909 2987 1024 3037 cernetis
1035 2986 1085 3036 hec
1095 2984 1163 3048 fieri,
1175 2989 1247 3036 certe

197 3067 262 3112 tunc
272 3062 408 3127 ipsagens
423 3062 522 3128 peribit
539 3077 598 3112 oum
615 3061 798 3126 omnibusque
815 3060 850 3110 ad
860 3059 922 3110 illos
938 3059 1079 3124 pertinent,
1095 3063 1122 3109 et
1138 3057 1248 3109 stabunt

196 3135 225 3183 in
243 3135 432 3200 improperium
452 3135 573 3186 omnibus
596 3134 729 3200 gentibus,
756 3149 807 3200 qua
834 3135 862 3183 in
888 3133 1001 3182 circuitu
1023 3131 1129 3182 illorum
1158 3129 1245 3182 sunt'.

196 3207 233 3258 Et
252 3206 320 3257 dixit
339 3209 374 3258 ad
392 3223 437 3259 eos
456 3207 605 3259 solitarius:
627 3207 755 3259 ‘Obsecro
775 3206 945 3258 elementiam
963 3209 1088 3267 vestram,
1108 3205 1203 3266 sancti,
1223 3205 1246 3255 si

199 3281 321 3331 conversi
340 3286 402 3332 sunt
421 3280 455 3330 ad
474 3282 639 3347 superiorem
664 3281 866 3346 promissionem
885 3277 1001 3340 illorum,
1029 3278 1150 3342 nunquid
1169 3278 1244 3327 inve·

197 3354 273 3403 nient
291 3353 512 3418 indulgentiam?
531 3355 567 3404 Et
587 3353 710 3404 dixerunt
723 3353 758 3403 ad
778 3352 866 3403 illum:
888 3350 965 3412 ‘Scia
986 3365 1037 3414 que
1050 3351 1150 3399 veritas
1163 3349 1244 3399 dixit:

197 3425 410 3477 “convertimini
438 3426 473 3476 ad
498 3443 549 3489 me,
578 3432 606 3476 et
630 3441 681 3492 ego
712 3431 851 3477 convertar
878 3423 914 3473 ad
933 3421 1006 3473 vos‘’.
1053 3420 1158 3471 Eadem
1179 3421 1246 3471 hora
1255 3426 1323 3468 zach.
1331 3429 1350 3479 1,
1359 3427 1381 3468 a.

198 3513 329 3563 nusquam
349 3505 561 3565 comparuerunt.
600 3500 685 3550 Facto
701 3505 791 3550 autem
804 3511 891 3560 mane,
910 3497 949 3545 ita
963 3493 1051 3544 eidem
1068 3493 1245 3544 Constantino

200 3575 322 3634 augusto,
341 3575 469 3636 utsupra
488 3573 615 3637 scriptum
635 3577 683 3634 est,
702 3570 890 3638 perordinem
916 3567 1060 3632 diligenter
1077 3567 1107 3616 in
1123 3565 1244 3617 omnibus

199 3640 337 3692 revelavit.
374 3643 449 3694 Tunc
467 3644 611 3709 imperator
629 3643 803 3696 libentissime
822 3643 941 3709 suscepit
958 3641 1042 3691 verba
1061 3640 1127 3691 eius.
1166 3639 1245 3702 Quod

199 3729 248 3764 nos
267 3715 306 3764 ita
320 3713 421 3765 factum
441 3722 488 3766 eto.

124 3887 148 3940 a)
164 3887 269 3936 recinam
284 3886 303 3926 F
319 3887 340 3926 1.
399 3883 423 3937 b)
440 3896 519 3928 eorum
535 3885 557 3926 A
572 3887 593 3926 ³.
654 3884 676 3939 c)
692 3890 784 3936 gentem
800 3886 818 3926 (i
833 3886 871 3930 sb.
886 3887 908 3926 D
925 3887 945 3927 1.
963 3887 984 3929 2.
1006 3885 1027 3927 (i
1042 3885 1063 3926 3.
1079 3885 1101 3925 4.
1119 3907 1145 3914 -
1161 3883 1246 3924 tinibus

125 3949 142 3991 0
160 3949 180 3988 1.
199 3969 225 3977 -
242 3945 351 3986 continuo
367 3945 387 3984 A
400 3947 420 3986 s.
490 3942 514 3994 d)
527 3945 559 3984 ita
575 3945 592 3986 0
609 3941 640 3986 ¹1.
658 3947 679 3987 1.
695 3947 713 3985 F
730 3947 750 3984 1.
766 3945 793 3987 d.
808 3945 890 3995 Neam
913 3945 976 3984 istud
991 3945 1012 3984 A
1027 3941 1065 3995 '8,
1081 3946 1157 3994 ipsum
1173 3944 1243 3983 ceteri.

124 4005 146 4059 e)
162 4004 428 4056 peffltr13perietr
444 4004 465 4044 4.
483 4003 511 4044 G.
527 4003 539 4042 1
555 4005 575 4044 2.
636 4001 725 4054 oderat
740 4004 760 4042 A
776 4001 808 4043 ⁸8.
869 4002 892 4055 g)
909 4004 983 4043 saneti
998 4004 1016 4044 F
1032 4003 1054 4043 4.
1072 4003 1104 4052 (ὴ
1120 4003 1175 4041 deest
1192 4001 1243 4043 At.

123 4063 147 4117 h)
164 4064 280 4104 dationem
298 4062 315 4104 0
331 4065 352 4103 1.
369 4084 396 4094 ·-
412 4063 501 4104 hisdem
517 4059 650 4102 A·a.n1.
667 4063 714 4102 Μ.
731 4061 824 4102 01-4.
869 4059 1069 4113 i)indeO'1.1.
1116 4061 1140 4112 k)
1157 4061 1244 4101 Lucer-

124 4135 178 4166 nam
192 4121 235 4162 At
252 4121 318 4176 (corr.
335 4119 586 4173 Luceriam).Bl.1a.
604 4119 803 4174 s.D(1r).Gs.
864 4119 1038 4172 l)d.as.1⁴¹1
1057 4119 1152 4174 (etpost
1167 4117 1243 4170 add.);

127 4185 148 4225 d.
164 4192 191 4222 ac
206 4192 224 4222 s.
241 4181 261 4222 A
279 4183 299 4222 2.
315 4182 334 4221 B
352 4183 370 4220 1.
388 4181 409 4222 G
424 4181 494 4230 1-83
510 4181 586 4229 adque
602 4181 631 4220 ad
648 4179 701 4229 G33
718 4183 741 4220 et
755 4180 785 4218 ad
799 4179 869 4221 cetui.
930 4177 962 4231 m)
977 4178 1130 4228 agerentiam
1145 4176 1166 4216 A
1183 4179 1202 4219 a.
1220 4178 1242 4216 6.

123 4244 142 4283 E
160 4243 179 4284 1.
202 4241 256 4282 Μ
273 4240 299 4290 53
322 4239 434 4288 Agrentla
458 4240 479 4282 G
496 4241 520 4289 1;
543 4239 678 4288 Agrootiam
700 4250 756 4280 corr.
779 4237 879 4286 Agentis
900 4236 961 4288 aa,
984 4237 1109 4279 Arenciam
1126 4235 1152 4289 (i)
1172 4237 1190 4278 0
1207 4231 1244 4282 '13

123 4298 231 4340 AritiaO
248 4301 268 4341 1.
286 4300 306 4350 2,
328 4310 384 4341 corr.
400 4305 425 4339 ut
439 4300 523 4340 videtur
538 4298 687 4340 Aosrentiam
710 4299 731 4338 D
749 4299 768 4349 1,
791 4302 810 4336 at
825 4298 856 4338 ita
871 4297 911 4337 atsi
925 4298 959 4346 D3
983 4297 1130 4338 Arentiami
1149 4296 1169 4346 1,
1185 4305 1244 4334 corr.

123 4358 272 4410 agerentiam
288 4357 309 4398 G
325 4358 363 4406 δεῖ
379 4357 505 4402 Acerentia
521 4358 546 4400 θ.
562 4359 632 4408 Nacp.
693 4356 843 4412 u)Romoa1d
859 4358 879 4398 A
897 4359 916 4409 1,
932 4355 980 4398 alii.
