3040 5014
285 390 318 438 14
512 387 621 439 PAULI
640 387 815 439 HISTORIA
833 385 1167 438 LANGOBARDORUM.

283 558 380 621 ritate
391 559 487 621 etiam
496 565 573 639 post
583 552 706 618 Karoia
715 553 1077 639 juuctumoidecmas1.
1110 553 1177 618 Sed
1189 555 1308 618 Arichi
1321 557 1400 622 duci

283 663 346 726 quo
369 664 408 704 uc
430 640 609 705 amicitiam
629 639 780 718 seruauit,
801 640 892 722 eique
908 661 938 701 u.
955 636 1025 701 787.
1046 647 1171 702 mortuo
1193 640 1399 724 epitaphium

283 664 437 806 coniecit,
480 724 699 787 uenerationis
734 731 764 784 et
800 723 922 786 amoris
956 723 1087 807 iasipue
1130 733 1397 788 mouumentum&

285 809 444 882 Romae³,
478 807 528 871 isis
551 805 698 890 fortasse
731 807 867 881 auctu,
900 808 1001 870 uitam
1030 807 1163 889 scripsit
1193 805 1395 894 GreporiiI.

280 915 405 977 papae.
457 891 497 954 lu
528 891 723 954 monasterio
760 911 834 953 uero
867 887 1040 955 Casiaeusi
1071 912 1248 973 sermones,
1284 892 1397 976 quates

307 975 395 1041 iures
421 983 588 1054 ceuceu,
621 973 753 1059 aliaque
781 976 968 1057 composuit.
1022 973 1101 1038 Cum
1127 974 1273 1040 Karolus
1303 998 1397 1062 repu-

279 999 350 1125 iitm
381 1060 489 1124 saacti
519 1058 691 1122 Benedicti
722 1066 858 1141 peteret,
899 1081 921 1120 a
951 1056 1058 1121 Paulo
1091 1058 1228 1142 epistola
1264 1059 1398 1124 ‘dictata

283 1147 347 1224 est',
377 1166 517 1230 quacum
548 1141 789 1206 Theudemarus
809 1141 909 1205 abbas
931 1150 960 1206 ct
981 1151 1153 1204 conventus
1173 1140 1267 1206 iliam
1288 1153 1395 1208 traus-

282 1231 470 1294 misimur.
524 1225 697 1290 Praeterea
728 1225 908 1311 discipulae
940 1227 1036 1290 etiam
1072 1225 1206 1290 aliuude
1237 1229 1396 1292 oeaieutes

283 1315 320 1376 iu
350 1311 464 1376 litteris
493 1311 663 1373 erudivit'.
711 1309 774 1372 Per
802 1307 930 1373 ultimos
958 1331 1032 1373 uero
1061 1311 1146 1373 uitae
1179 1332 1284 1374 aauos
1314 1311 1396 1375 libro

284 1417 417 1480 operam
438 1397 583 1475 uacauit,
613 1395 671 1494 qui
698 1395 784 1457 iuter
803 1415 912 1456 rerum
933 1393 1032 1457 medii
1054 1396 1127 1458 aevi
1148 1397 1321 1477 scriptores
1343 1397 1394 1457 iu-

283 1481 408 1565 sipuem
436 1478 540 1542 locum
561 1480 629 1562 ipsc
660 1478 818 1542 uindicat.
878 1476 956 1542 Cum
988 1478 1154 1562 quondam
1184 1477 1222 1540 dc
1254 1478 1394 1541 historia

209 1607 213 1617 -
283 1564 437 1628 Romaua
466 1562 695 1626 coutiuuauda
723 1563 910 1646 copitasset,
942 1584 1030 1624 uuuc
1060 1563 1164 1646 peutis
1196 1583 1275 1624 suae
1303 1571 1394 1647 posta

287 1751 315 1820 1)
334 1753 401 1820 Ejus
419 1752 459 1805 rei
477 1753 610 1803 luculenta
629 1759 691 1802 suut
709 1751 856 1802 testimonia
875 1753 994 1802 couniua
1014 1769 1031 1801 a
1043 1751 1143 1803 Karoio
1164 1751 1288 1803 Casinum
1306 1751 1396 1815 missu,

284 1827 317 1878 de
335 1827 430 1892 quibus
448 1843 474 1878 o.
492 1825 642 1877 Bethmaua
657 1842 688 1890 p.
709 1825 762 1876 248
775 1843 830 1891 sqq.
908 1826 935 1889 2)
956 1825 1034 1886 Quod
1053 1825 1168 1877 seruauit
1181 1824 1276 1876 turon.
1290 1823 1395 1876 suem.

284 1899 314 1960 I,
340 1900 383 1961 20,
408 1917 437 1965 p.
457 1897 520 1949 482.
567 1896 702 1948 Similibus
732 1899 817 1950 verbis
849 1898 977 1948 laudatur
1008 1899 1036 1948 iu
1066 1899 1181 1950 carmine
1208 1898 1306 1950 iuedito
1332 1897 1395 1950 C'od.

284 1971 388 2024 Hordei.
409 1972 459 2024 Nr.
479 1972 559 2034 3685,
584 1989 609 2022 a.
635 1970 663 2020 V.
685 1969 721 2022 Gt.
742 1972 892 2022 Dttmmtero
918 1988 1016 2024 mecum
1036 1973 1233 2035 communicato,
1254 1971 1325 2038 quod
1343 1989 1396 2023 aea

285 2045 341 2098 siue
360 2062 444 2098 causa
467 2044 553 2096 Paulo
572 2044 708 2096 tribueris:

450 2118 604 2170 catholicus
623 2119 747 2184 princeps
765 2119 880 2181 Auchis,
899 2123 954 2169 tem
975 2135 1084 2185 corpere
1103 2118 1214 2186 pulcher

449 2193 560 2242 Pectore
580 2207 712 2257 quumque
732 2193 818 2257 magis
836 2193 933 2242 virtute
951 2193 1073 2257 insignis,
1093 2194 1219 2242 sturmis

449 2267 546 2318 Omnis
566 2280 727 2332 conponens,
746 2281 825 2331 quem
844 2267 884 2315 sic
903 2267 1035 2331 sapientia
1055 2267 1176 2332 compsit,

448 2337 585 2390 Redderet
603 2345 633 2389 ut
650 2339 731 2389 variis
750 2340 815 2390 sutis
834 2339 934 2389 artibus
954 2355 1013 2390 esse
1032 2343 1177 2404 potentem,

447 2414 505 2476 Quo
525 2414 619 2463 merito
639 2412 719 2462 Lstie
740 2411 844 2463 dicatur
863 2412 950 2478 gloria
969 2412 1057 2478 gentis

447 2486 595 2538 Bardorum
616 2491 642 2536 et
667 2485 779 2548 culmen,
798 2487 906 2553 pietatis
927 2485 1012 2536 cultor
1033 2490 1060 2535 et
1079 2483 1169 2548 index,

447 2560 612 2624 Iusticieque
631 2564 719 2621 tenax,
738 2576 854 2610 summus
874 2565 993 2610 servator
1010 2559 1128 2617 honesti;

447 2632 502 2681 Iste
521 2634 712 2697 patermutio,
731 2631 777 2680 iux
783 2667 863 2681 .....
881 2647 959 2682 omne
978 2647 1094 2693 suorum,

446 2703 537 2752 Mente
556 2705 621 2754 satis
640 2704 717 2768 vigili
735 2719 848 2768 pensare
868 2710 895 2753 et
914 2707 1036 2754 acumine
1055 2720 1152 2770 magno

448 2776 579 2843 Tempore
598 2791 720 2841 supreme
740 2781 852 2825 ventura
870 2775 990 2840 pericula
1009 2776 1082 2825 seclo
1101 2785 1148 2826 etc.

282 2883 352 2935 Suet
369 2884 489 2949 sortasse
508 2884 618 2935 ‘Versus
644 2883 681 2934 od
698 2881 829 2946 Arcadii,
851 2899 915 2948 quos
935 2881 1030 2933 Petrus
1051 2881 1200 2933 Oasiueusis
1219 2891 1348 2942 receuset;
1367 2901 1392 2934 o.

276 2975 308 3023 p.
324 2958 358 3006 1⁷
376 2974 404 3007 u.
479 2955 510 3023 3)
528 2955 628 3007 Romae
647 2957 772 3022 scriptam
790 2955 930 3007 ostendum
948 2956 1029 3006 umba
1055 2955 1392 3006 c.1:inhacurbeRo-
1492 2969 1493 2972 ’

282 3045 375 3093 mana;
395 3029 430 3096 cs.
450 3042 472 3080 a.
492 3031 525 3080 4:
553 3033 623 3081 intre
641 3031 714 3082 urbis
742 3031 820 3080 huius
847 3045 950 3092 muros;
980 3047 1001 3078 c.
1023 3028 1067 3080 23.
1087 3028 1136 3078 29:
1160 3029 1189 3077 in
1212 3028 1264 3079 huc
1284 3029 1392 3080 civitate
1492 3041 1493 3060 ³

281 3105 410 3156 Romana.
447 3103 562 3155 Paulum
582 3111 713 3155 auctorem
732 3119 800 3164 csse,
826 3119 880 3153 aaa
898 3102 981 3152 solum
1000 3102 1118 3152 codicum
1133 3101 1265 3167 probatur
1280 3103 1393 3154 auctori·
1492 3099 1493 3160 ξ

281 3185 342 3242 tate,
362 3177 408 3228 scd
427 3175 505 3228 ctiam
525 3194 583 3242 cup.
598 3178 642 3227 19.
663 3175 858 3242 comparatione
882 3192 941 3227 cum
959 3175 1029 3226 Hist.
1048 3173 1134 3241 Lmsp.
1148 3174 1206 3238 ΙΙΙ,
1221 3176 1264 3226 23.
1285 3184 1309 3226 et
1328 3174 1393 3227 Gre-

279 3251 354 3316 9orio
378 3249 540 3314 Taroueusi,
560 3266 592 3302 eu
612 3267 663 3317 quo
690 3250 753 3302 doec
776 3257 863 3300 sumtu
881 3255 950 3299 suut.
1025 3247 1321 3318 4)1ua.Lau9.1H‚
1342 3249 1392 3298 24:

281 3329 344 3374 ente
368 3322 521 3391 aliquodu)
541 3340 634 3375 sunus.
682 3321 735 3376 Gur
752 3323 903 3374 Bethmcma
925 3339 956 3388 p.
971 3321 1033 3372 304.
1062 3321 1144 3372 vitum
1171 3323 1239 3373 hauc
1268 3322 1393 3387 scriptam

276 3405 367 3462 putet,
395 3405 536 3463 autequam
554 3397 658 3449 Paulus
677 3397 863 3448 monasterium
880 3395 1014 3462 impressus
1033 3395 1080 3458 sit,
1108 3412 1160 3446 uou
1179 3395 1264 3447 uideo.
1307 3395 1394 3446 Verba

280 3489 301 3521 c.
316 3471 349 3522 6.·
368 3486 416 3522 nos
435 3476 526 3522 tamen
546 3471 655 3522 credere
675 3471 754 3521 decet
772 3468 838 3520 nihil
858 3485 918 3520 eum
930 3470 1096 3520 monasticae
1114 3469 1285 3536 perfeetionis
1304 3469 1393 3535 perdi-

280 3544 351 3596 disse
371 3546 513 3596 eccssione
534 3560 614 3596 curse
632 3544 783 3612 pastoralis,
807 3544 934 3594 monacho
954 3543 1090 3594 couoeairs
1104 3551 1188 3608 patet.
1263 3540 1293 3608 e)
1312 3542 1392 3593 Beth-

278 3634 361 3668 maaa
374 3636 406 3684 p.
420 3618 482 3668 302.
518 3616 652 3669 Romilius
671 3634 689 3668 a
701 3616 833 3668 Mmteaia
854 3625 878 3668 et
890 3615 964 3666 Maio
984 3615 1068 3667 editus
1087 3616 1188 3682 collegit
1206 3615 1297 3683 Mique
1309 3614 1391 3678 Xor,

275 3708 307 3756 p.
323 3691 402 3742 1566.
445 3689 535 3742 Tertia
560 3691 664 3758 iuthra
682 3689 755 3742 editu
778 3696 863 3742 eustat
883 3707 926 3756 up.
951 3688 1021 3740 Tosti
1034 3706 1065 3754 p.
1085 3689 1227 3738 106-112
1235 3707 1244 3750 ,·
1269 3689 1303 3756 cf.
1322 3688 1394 3739 Bibi.

281 3761 340 3815 Cas.
350 3763 374 3826 Ι,
381 3783 412 3830 p.
424 3764 486 3814 242.
500 3763 541 3826 ΙΙ,
553 3781 581 3830 p.
594 3764 637 3815 52.
665 3762 707 3815 Dc
716 3764 802 3814 Paulo
816 3769 921 3815 auctore
933 3764 989 3816 siue
1003 3779 1087 3814 causa
1101 3762 1392 3826 incautissime.

280 3837 309 3903 6)
323 3836 447 3903 Epistula
466 3837 501 3887 sd
519 3853 610 3903 regem
623 3837 751 3888 Kurelum
765 3837 798 3888 de
811 3839 972 3888 monasterie
991 3838 1077 3888 suncti
1090 3837 1232 3888 Benedicti
1245 3835 1348 3886 directa
1367 3842 1395 3886 et

279 3925 296 3959 a
313 3909 399 3961 Paulo
419 3909 528 3961 dictata.
565 3911 619 3962 Ed.
632 3910 711 3976 daffe',
729 3910 800 3961 Bibt.
814 3909 866 3961 IV.
882 3927 912 3976 p.
928 3909 990 3960 358.
1030 3907 1135 3960 Codices
1155 3910 1232 3961 etiam
1245 3907 1345 3959 Romae
1363 3908 1392 3957 ia

284 3981 345 4032 bibl.
364 3982 477 4036 Barter.
490 3981 540 4046 XI,
556 3984 590 4032 64
604 3992 628 4036 et
645 3983 755 4036 Tuderti
773 3982 840 4034 uidit
851 3983 1013 4045 Bethmcua3
1033 3981 1113 4033 Aret.
1126 3981 1194 4045 XII,
1208 3998 1240 4047 p.
1254 3981 1318 4031 379.
1329 3981 1392 4030 530.

278 4055 314 4106 Iu
324 4073 394 4108 auuo
403 4057 465 4107 791.
478 4073 536 4108 cum
545 4056 749 4109 coltocatDaim.
790 4056 819 4124 7)
828 4055 958 4107 Joiiaauis
968 4055 999 4106 Θ.
1010 4056 1088 4121 episc.
1097 4055 1198 4121 Neap:
1210 4054 1284 4105 Alios
1292 4052 1391 4104 deinde

279 4129 393 4181 clericos
412 4131 440 4180 in
459 4133 649 4182 monasterium
669 4132 755 4182 suncti
774 4129 917 4182 Benedicti
929 4129 1013 4181 Paulo
1032 4129 1131 4181 levitae
1156 4127 1300 4179 destinavit
1325 4123 1392 4190 (epi-

279 4219 373 4268 scopus
391 4201 568 4269 Stephanus).
596 4205 670 4255 Unus
689 4220 753 4254 vero
773 4203 808 4254 de
824 4205 883 4256 istis
903 4203 1037 4254 Iohannes
1055 4203 1170 4264 nomine,
1189 4201 1235 4266 qui
1253 4204 1314 4267 post
1333 4198 1390 4248 dis-

279 4291 362 4328 conns
381 4275 588 4338 ordinemsed,
613 4279 732 4345 apprime
757 4279 875 4328 eruditus
901 4277 1008 4328 effulsit.
1045 4275 1096 4326 His
1122 4291 1169 4326 cur
1180 4273 1264 4340 fldem
1282 4271 1391 4338 dempsi

278 4348 361 4400 Dalm
375 4367 406 4414 p.
422 4350 466 4413 to,
485 4367 539 4401 anu
558 4350 641 4402 uideo.
