3040 5014
301 403 337 452 ³4
532 396 641 449 PAULI
661 393 834 448 HISTORIA
852 391 1186 446 LANGOBARDORUM.

304 590 364 654 que
378 575 484 630 tamen
499 587 539 629 en
553 563 608 629 illo
623 564 788 648 descn'pta
800 579 865 627 esse
873 571 1022 647 possunt,
1034 564 1083 626 ita
1094 571 1130 626 ut
1141 564 1237 626 etiam
1249 565 1301 628 bio
1313 565 1429 629 codem

302 663 396 716 trans
410 648 510 734 Alpes
526 647 676 712 aduectus
688 669 753 710 esse
767 649 810 710 sit
823 646 1011 712 censendus.
1047 645 1241 732 Scn'pturae
1254 651 1426 734 specimen

303 737 376 800 uide
396 736 432 797 in
453 732 565 796 tabula
585 732 612 795 I.
634 732 708 795 edit.
730 733 809 816 maj.

386 817 478 882 Alios
492 838 566 880 uero
582 816 681 900 bujus
703 815 818 878 classis
839 823 992 900 quotquot
1010 823 1138 878 coustant
1159 815 1283 879 codices
1297 839 1337 879 eu
1352 817 1390 879 F
1403 821 1422 880 1

303 901 487 987 repetendos
502 922 578 980 esse,
601 907 813 963 correctorum
828 907 922 961 notae
938 899 1109 962 ostendunt
1123 920 1163 962 eu
1177 902 1250 983 ipso
1265 910 1424 985 receptae

302 997 330 1052 et
344 987 475 1072 lonqius
485 992 705 1069 propaqatae.
748 983 802 1046 En
824 984 940 1068 quibus
956 981 1019 1046 duo
1035 984 1071 1046 in
1086 985 1281 1048 monasterio
1297 983 1426 1049 Sancti
1485 973 1486 1004 ¹

304 1069 393 1135 Galli
414 1070 481 1133 scri
505 1070 530 1132 ti
551 1076 645 1131 sunt:

386 1151 455 1243 (54)
476 1091 569 1216 Vl&
617 1149 699 1215 San
735 1147 905 1213 allensis
937 1149 998 1212 Nr.
1026 1149 1096 1232 620,
1130 1150 1257 1215 membr.
1307 1151 1358 1232 ol.,
1389 1177 1419 1220 s.

301 1239 377 1302 XII.
400 1259 460 1318 en,
488 1235 544 1298 ubi
570 1235 656 1297 inter
683 1172 754 1296 alla
781 1255 881 1318 opera
902 1233 1002 1298 Pauli
1030 1234 1167 1299 bistoria
1179 1233 1214 1319 f.
1236 1235 1278 1299 25
1341 1235 1419 1300 272.

302 1324 421 1408 leqitur
448 1320 508 1465 (oq.
539 1317 708 1383 Seberreri
735 1317 873 1402 catoloq.
894 1341 932 1402 p.
955 1317 1044 1398 201).
1091 1318 1220 1382 Indices
1248 1322 1285 1384 in
1311 1343 1420 1384 unium

302 1406 423 1471 collecti
448 1403 530 1466 liro
556 1403 666 1486 primo
718 1403 962 1482 raemittuntur,
992 1401 1080 1464 Ι.ΙΙ.
1103 1424 1143 1465 ero
1163 1405 1297 1488 inqenio
1309 1405 1418 1488 facti,

302 1490 366 1554 ΠΙ.
382 1489 405 1551 I
407 1487 439 1552 V.
462 1487 495 1551 V.
517 1507 557 1549 ea
578 1486 637 1548 Fl
662 1425 850 1549 abbreviati.
885 1486 939 1548 Eu
962 1486 1020 1550 boc
1041 1509 1165 1571 maqno
1186 1511 1258 1551 cum
1280 1487 1418 1552 licentia

303 1580 462 1657 suceptus,
486 1569 554 1634 alia
569 1593 671 1633 manu
690 1579 803 1654 postea
819 1570 864 1633 ad
878 1569 1011 1634 eundem
1025 1579 1071 1634 est
1089 1579 1258 1636 correctus.
1288 1573 1419 1637 Eadem

303 1658 459 1742 epitomen
481 1654 636 1716 bistoriue
658 1651 810 1716 Andreae
825 1652 1030 1738 Berqomatis
1050 1657 1199 1740 marqini
1219 1656 1346 1738 intulit,·
1370 1657 1415 1741 cf.

303 1741 402 1804 Arcb.
423 1739 462 1819 X,
477 1762 515 1823 p.
538 1735 609 1801 369.
659 1734 785 1800 Ultimis
807 1738 1073 1821 quaternionibus
1094 1739 1267 1820 intercisis,
1295 1740 1415 1804 desunt

304 1823 413 1889 omnia
436 1845 518 1907 quae
533 1830 611 1906 post
639 1821 671 1901 V,
693 1821 722 1883 2.
746 1823 871 1903 (servus
892 1823 981 1904 tuus)
1002 1822 1224 1967 sequebantur.

388 1906 455 1994 (55)
477 1905 509 1968 F
520 1905 587 1967 1³*.
620 1903 984 1990 tarquinensis.
1000 1905 1042 1968 54
1062 1955 1072 1987 ,
1087 1907 1212 1970 membr.
1218 1905 1283 1990 fol.
1299 1931 1324 1970 s.
1336 1907 1417 1986 XII,

295 1990 360 2092 fol:
372 1988 555 2088 517-554..
563 1994 579 2070 (
581 1987 623 2074 cf
642 1985 798 2088 Seberrer
808 2010 843 2071 p.
861 1987 919 2051 167
935 2011 970 2072 sq
993 1993 1029 2070 .).
1058 1990 1252 2075 Descriptus
1267 2013 1307 2055 en
1322 1991 1418 2074 1³1³,

213 2071 1417 2244 ⁸1³·³⁶·pmlqtlbclltnallicecllbbbrdeilltIldliaebblllielsellllIcbldollrlqiltlbeifaoium
1444 2137 1446 2144 Ι

305 2246 347 2308 sit
369 2251 503 2327 oportet,
555 2241 620 2304 uod
647 2262 844 2332 quamquam
867 2261 982 2324 presso
1007 2241 1090 2326 pede
1116 2241 1201 2307 illud
1222 2244 1417 2328 sequebatur

303 2331 434 2414 ejusque
448 2264 685 2389 emendationes
694 2323 870 2470 plerasque
885 2347 954 2387 rece
978 2326 1004 2388 it
1030 2325 1198 2389 nonnullis
1215 2337 1320 2391 tomen
1335 2328 1419 2393 locis

304 2413 400 2476 verba
421 2411 557 2474 mutauit
579 2411 788 2493 (praesertim
827 2407 910 2488 1,18
956 2373 1043 2488 u.,'o.
1059 2409 1215 2474 N.Arcb.
1231 2412 1258 2490 I,
1268 2435 1306 2495 p.
1322 2412 1416 2493 551).

303 2493 356 2561 Eoo
379 2497 435 2559 boc
458 2494 519 2557 alii
540 2501 721 2556 manarunt
731 2492 838 2576 fonte,
861 2515 967 2556 omnes
986 2495 1023 2556 in
1045 2492 1145 2570 Italia
1167 2493 1319 2578 confecti:

387 2576 455 2662 (56)
472 2577 552 2641 F*2.
592 2576 810 2639 Vaticanus
826 2579 992 2661 reqinae
1010 2575 1247 2641 Cbristinae
1263 2579 1323 2641 Nr.
1341 2581 1415 2661 710,

302 2663 429 2726 membr.
442 2660 506 2744 fol.
529 2683 554 2723 s.
575 2660 631 2739 XI,
652 2659 779 2723 duabus
801 2661 952 2723 manibus
974 2659 1020 2744 (f.
1047 2662 1156 2724 1-32,
1173 2663 1314 2743 33-78)
1337 2685 1415 2727 eroa-

303 2756 406 2826 ratus,
428 2767 454 2806 s.
475 2743 559 2807 XIV.
581 2744 732 2824 Briniae,
755 2752 790 2805 ut
811 2744 948 2823 uidetur,
972 2755 1167 2826 asservatus,
1190 2747 1228 2810 de
1251 2771 1317 2832 qua
1334 2748 1414 2811 urbe

302 2841 379 2894 tuuc
401 2829 507 2892 breves
521 2827 669 2912 marqini
691 2827 878 2926 adscriptae
898 2837 974 2890 sunt
995 2830 1159 2892 notitiae1.
1193 2829 1312 2895 Scriba
1327 2833 1416 2914 quod

304 2913 438 2978 babebat
459 2911 625 2997 cuemplur
645 2910 727 2975 male
747 2911 782 2994 le,
799 2933 862 2975 isse
880 2913 1018 2992 videtur,
1040 2913 1174 2999 ideoque
1192 2937 1266 2978 mou
1287 2915 1413 2979 litteras

302 3019 397 3062 seusu
411 3018 534 3060 uacuas
573 2996 670 3076 inuit,
684 3017 759 3059 mooe
773 2935 906 3059 liberius
923 2993 1023 3058 Pauli
1041 2997 1138 3060 uerba
1152 2999 1296 3063 reddidit
1308 3005 1350 3080 (e.
1362 3022 1412 3084 qr.

302 3083 348 3162 II,
373 3080 439 3160 19).
486 3019 630 3144 Oodlcem
659 3081 747 3143 carie
777 3080 910 3143 adesum
935 3079 1270 3163 postBetbmaunum
1293 3087 1413 3167 etipse

304 3167 424 3230 Romae
443 3185 598 3248 praesens
621 3163 668 3226 ali
690 3173 745 3228 uot
764 3163 843 3228 locis
862 3165 996 3246 inspersi
1005 3175 1026 3225 ².

387 3247 455 3336 (57)
477 3247 510 3310 F
518 3248 547 3310 2.
591 3187 878 3312 Modoetiensis
899 3247 961 3310 Nr.
979 3246 1049 3327 135,
1064 3250 1190 3312 membr.
1206 3273 1230 3312 s.
1246 3251 1301 3314 XI.
1317 3251 1412 3334 Xllr,

303 3356 371 3396 una
385 3355 487 3396 manu
502 3341 668 3412 enaratus,
691 3354 725 3395 co
740 3331 885 3416 insiquis
900 3331 987 3416 quod
1001 3331 1059 3411 IV,
1077 3331 1126 3395 21.
1143 3343 1171 3396 et
1190 3333 1221 3414 V,
1237 3333 1266 3397 6.
1283 3335 1411 3419 amplas

301 3417 418 3482 inserit
430 3415 693 3501 interpolationes
710 3415 754 3478 ad
768 3413 932 3478 ecclesiam
946 3415 1219 3481 Modoetiensems
1244 3428 1412 3483 ectantes⁴.

303 3499 383 3564 Alia
398 3522 516 3564 coaeva
537 3522 656 3563 manus
678 3499 850 3584 aliquoties
871 3499 1012 3564 lacunas
1034 3499 1172 3584 eupleoit
1194 3441 1326 3588 aliaque
1341 3525 1409 3566 cor-

302 3587 396 3650 reooit.
427 3583 588 3648 Lectionis
609 3584 796 3646 uarietatem
818 3585 916 3648 editio
929 3583 1166 3647 Muratoriuna
1181 3585 1278 3666 dedit,
1295 3596 1413 3670 postea

303 3669 487 3733 Betbmann
522 3669 663 3731 enotavit
669 3688 681 3748 ;
722 3666 807 3730 locos
844 3667 1000 3752 quosdam
1035 3667 1125 3732 Frisi
1161 3669 1330 3752 (IIemorie
1365 3671 1412 3751 II,

297 3777 335 3837 p.
357 3751 419 3816 202
440 3755 524 3837 sqq.)
545 3751 692 3836 imprimi
704 3751 797 3834 fecit.

305 3912 333 3980 1)
353 3913 409 3977 ΙΙΙ,
429 3915 478 3964 31:
504 3919 531 3966 st
556 3921 627 3975 nota,
653 3914 724 3979 quod
744 3915 778 3963 sb
803 3915 861 3980 ipso
888 3914 1005 3979 Grippho
1031 3913 1209 3966 desendsrunt
1239 3916 1350 3982 Gripphi
1376 3917 1409 3968 ds

303 3987 413 4052 Brsxia;
433 3986 485 4050 IV,
505 3988 536 4038 2:
557 3987 684 4038 Similiter
702 4002 799 4052 magns
818 3986 958 4038 multitudo
977 3986 1138 4038 locustarum
1158 4004 1209 4053 que
1228 3995 1357 4040 venerunt
1376 3990 1408 4039 de

301 4061 427 4112 Tridento
447 4062 569 4112 Brsxiam
588 4063 616 4110 in
635 4076 786 4112 ucocxim.
862 4059 888 4123 2)
912 4057 985 4120 Quae
1011 4059 1046 4111 N.
1064 4057 1144 4111 Arcb.
1164 4060 1232 4126 I,p.
1253 4062 1316 4111 551.
1336 4063 1367 4113 de
1386 4062 1415 4111 F

303 4134 328 4186 2.
348 4135 373 4186 3.
392 4135 409 4183 4
427 4133 519 4185 notaui
537 4131 614 4186 etiam
632 4133 660 4183 in
680 4130 762 4183 F'2.
788 4132 881 4184 cadere
899 4132 963 4184 uidi.
1038 4131 1067 4200 3)
1086 4129 1236 4184 Betbmarin
1254 4135 1282 4184 in
1301 4153 1321 4185 s.
1342 4134 1408 4187 XII.

302 4221 343 4258 eto.
356 4207 456 4274 posuit,
476 4207 546 4273 quod
565 4223 622 4257 cum
648 4204 787 4272 sprecimine
805 4206 834 4255 in
857 4203 969 4256 editione
994 4203 1181 4258 Mmatorionu
1204 4207 1270 4258 dato
1287 4224 1407 4276 puquare

301 4280 413 4332 videtin.
492 4282 519 4342 4)
543 4279 685 4331 Praeterea
708 4279 777 4330 inter
800 4277 841 4340 ΙΙ,
868 4279 912 4330 24.
932 4287 956 4329 ct
981 4278 1023 4329 25.
1044 4279 1134 4330 eodem
1158 4297 1241 4330 manu
1264 4282 1357 4332 notula
1375 4282 1407 4332 de

302 4352 405 4405 cometis
423 4352 472 4404 sub
494 4352 585 4405 Ottone
604 4352 627 4404 I.
648 4361 671 4403 et
690 4351 732 4402 ΙΙ.
751 4350 815 4402 uisis
832 4352 932 4403 irncrto
951 4360 996 4403 cst.
